@article{DBLP:journals/dke/ChenC11,
  author    = {Wei Chen and
               Parvathi Chundi},
  title     = {Extracting hot spots of topics from time-stamped documents},
  journal   = {Data Knowl. Eng.},
  volume    = {70},
  number    = {7},
  year      = {2011},
  pages     = {642-660},
  url        = {http://dx.doi.org/10.1016/j.datak.2011.03.009},
  bibsource = {DBLP, http://dblp.uni-trier.de}
}

@InProceedings{ Lasek11:semsearch,
	author = "Ivo La\v{s}ek and Peter Vojt{\'a}\v{s}",
	title = "Semantic Information Filtering - Beyond Collaborative Filtering",
	booktitle = "Proceedings of the 4th International Semantic Search Workshop of the 20th Int. World Wide Web Conference {WWW2011}",
	year = "2011",
	address = "Hyderabad, India",
	month = "March 29",
	abstract = "In this paper we introduce our idea of a semantic information filtering system. Contrary to traditional information filtering systems exploiting information retrieval techniques to select relevant data, we propose a workflow exploiting semantic information obtained from the web. Our system utilises the structured information crawled from the semantic web to improve the process of extracting the information from unstructured data sources. Moreover we suggest the ways of incorporating a user interaction in the whole process.",
	url = "http://research.i-lasek.cz/_media/publications/semsearch11_lasek.pdf"
}


@inproceedings{znalosti2011,
  author = {Jan G{\'e}ryk and Jaroslav Bayer and Lubom{\'i}r Popel{\'i}nsk{\'y}},
  title = {Vyhled{\'a}v{\'a}n{\'i} a anal{\'y}za text{\r{u}} popisuj{\'i}c{\'i}ch v{\'y}jezdy hasi{\v{c}}sk{\'e}ho z{\'a}chrann{\'e}ho sboru},
  booktitle = {Sborn{\'i}k p{\v{r}}{\'i}sp{\v{e}}vk{\r{u}} 10. ro{\v{c}}n{\'i}ku konference ZNALOSTI},
  editor = {Radim Jirou{\v{s}}ek and Vojt{\v{e}}ch Sv{\'a}tek},
  year = {2011},
  pages = {21--32},
	url={http://is.muni.cz/th/72902/fi_r/znalosti2011_firemen.pdf},
  isbn = {978-80-248-2369-0},
}





@inproceedings{vojtas:itat:2010,
  publicationtype = {in proceedings},
  author = {Peter Vojt{\'a}{\v{s}}},
  title = {Information technologies-synergy of theory and application?},
  konference = {ITAT 2010 Information Technologies -- Applications and Theory},
  booktitle = {ITAT 2010 Information Technologies -- Applications and Theory},
  pages = {7--8},
  publisher = {{PONT} s. r. o., Se{\v{n}}a, Slovakia},
  institution = {Univerzita Pavla Jozefa {\v{S}}af{\'{a}}rika, Ko{\v{s}}ice, Slovakia},
  isbn = {978-80-970179-4-1},
  year = {2010},
	url = {http://ceur-ws.org/Vol-683/paper2.pdf},
  month = {September}
}



@InProceedings{ Lasek11:poster,
	author = "Ivo La\v{s}ek",
	title = "News Information Filtering Supported by Semantic Web Knowledge Base",
	booktitle = "{Proceedings of 15th International Student Conference on Electrical Engineering POSTER 2011 (CDROM)}",
	publisher = "Faculty of Electrical Engineering, Czech Technical University in Prague",
	address = "Prague",
	year = "2011",
	pages = "1--5",
	ISBN = "ISBN 978-80-01-04806-1",
	URL = "http://research.i-lasek.cz/_media/publications/poster2011_lasek.pdf",
	abstract = "Information overload still remains an unsolved problem. Contrary to traditional information ?¬?ltering systems exploiting information retrieval techniques to select relevant information, we propose the use of data crawled from semantic web as a knowledge base. In this paper we introduce the architecture of the information ?¬?ltering system supported by the semantic knowledge base. We propose the model of user pro?¬?le maintaining the semantic information. We show that this approach can lead to more accurate results than traditional information retrieval techniques",
	language = "English"
}




@InProceedings{serranovers,
  author={Laurie Serrano and Maroua Bouzid and Thierry Charnois and Bruno Grilheres},
  title={Vers un syst{\`e}me de capitalisation des connaissances: extraction d’{\'e}v{\'e}nements par combinaison de plusieurs approches.},
	pages={49--61},
	booktitle = "{Workshop SOS-DLWD'2012: From Open Sources to Web of Data, at EGC'2012}",
	address = "Bordeaux",
	year = "2012",
	URL = "https://www.greyc.fr/sites/default/files/users/serranol/Extraction_d_evenements_par_combinaison_de_plusieurs_approches.pdf"

}

@phdthesis{al2010resolving,
  title={Resolving Ambiguity in Entity and Fact Extraction Through a Hybrid Approach},
  author={Al-fawareh, Hejab Ma'azer Khaled},
  year={2010},
	url={http://etd.uum.edu.my/2401/},
  school={Universiti Utara Malaysia}
}


@article{DelFresnoGarcia2011Infosociabilidad,
    abstract = {El art\'{\i}culo presenta un estudio de la recuperaci\'{o}n y procesamiento de la informaci\'{o}n de las p\'{a}ginas web 2.0. de ciencias sociales. El autor intenta crear un modelo para analizar es contenido te\'{o}rico de esta informaci\'{o}n, es decir,  unas herramientas para captar, describir, analizar, comprender y explicar las estructuras de la informaci\'{o}n que encontramos en internet. As\'{\i}, intenta hacer m\'{a}s f\'{a}cil la toma de decisiones a partir de las opiniones en la web, recolectando y clasificando lo encontrado, y, con todo esto, comprender mejor la sociedad.},
    author = {Del-Fresno Garc\'{\i}a, Miguel},
    citeulike-article-id = {10371403},
    citeulike-linkout-0 = {http://eprints.rclis.org/bitstream/10760/16150/1/Miguel-Del-Fresno-Infosociabilidad-reputacion-Online.pdf},
    journal = {El profesional de la informaci\'{o}n},
    keywords = {20, analisis, de, decisiones, informacion, infosociabilidad, investigaciones, la, toma, web},
    number = {5},
    pages = {548--554},
    posted-at = {2012-02-20 19:14:36},
    priority = {0},
    title = {Infosociabilidad: monitorizaci\'{o}n e investigaci\'{o}n en la web 2.0 para la toma de decisiones.},
    url = {http://eprints.rclis.org/bitstream/10760/16150/1/Miguel-Del-Fresno-Infosociabilidad-reputacion-Online.pdf},
    volume = {20},
    year = {2011},
    publisher={EPI, SCP}
}


