@inproceedings{ biblio:KlTransformationBasedTectogrammatical2006,
	title = {Transformation-Based Tectogrammatical Analysis of Czech},
	author = {V\'{a}clav Klime\v{s}},
	year = {2006},
	pages = {135--142},
	crossref = {biblio:9thConference2006},
	booktitle = {Proceedings of the 9th International Conference, {TSD} 2006},
}

@proceedings{ biblio:9thConference2006,
	title = {Lecture Notes in Computer Science, Proceedings of the 9th International Conference, {TSD} 2006},
	year = {2006},
	publisher = {Springer-Verlag Berlin Heidelberg},
	venue = {Text, Speech and Dialog Conference, Brno, Czech rep.},
	number = {4188},
	issn = {0302-9743},
	series = {Lecture Notes In Computer Science},
}

@inproceedings{ biblio:MiNetgraphA2006,
	title = {Netgraph: A Tool for Searching in Prague Dependency Treebank 2.0},
	author = {Ji\v{r}\'{i} M\'{i}rovsk\'{y}},
	year = {2006},
	number = {5},
	pages = {211--222},
	crossref = {biblio:HaNiFifthTreebanks2006},
	booktitle = {Proceedings of the Fifth Workshop on Treebanks and Linguistic Theories ({TLT})},
}

@proceedings{ biblio:HaNiFifthTreebanks2006,
	title = {Proceedings of the Fifth Workshop on Treebanks and Linguistic Theories ({TLT})},
	editor = {Jan Haji\v{c} and Joakim Nivre},
	year = {2006},
	institution = {\'{U}{FAL} {MFF} {UK}},
	address = {Prague, Czech rep.},
	isbn = {80-239-8009-2},
}


@MASTERSTHESIS{ biblio:DedekSemAnot2007,
	title = {Semantic annotation of data from web resources (in Czech)},
	author = {Jan D\v{e}dek},
	year = {2007},
	school = {Faculty of Mathematics and Physics, Charles University},
	address = {Prague, Czech rep.},
}

@Misc{ biblio:RDFa,
	author = {W3C},
	title  ={RDFa Primer},
	year = {2007},
  url = {http://www.w3.org/TR/xhtml-rdfa-primer/}
}

@Misc{ biblio:OWL,
	author = {W3C},
	title  ={OWL Web Ontology Language Guide},
	year = {2004},
  url = {http://www.w3.org/TR/owl-guide/}
}

@article{ biblio:Survey_of_Web_Information_Extraction_Systems,
author = {Chia-Hui Chang and Mohammed Kayed and Moheb Ramzy Girgis and Khaled F. Shaalan},
title = {A Survey of Web Information Extraction Systems},
journal = {IEEE Transactions on Knowledge and Data Engineering},
volume = {18},
number = {10},
year = {2006},
issn = {1041-4347},
pages = {1411-1428},
doi = {http://doi.ieeecomputersociety.org/10.1109/TKDE.2006.152},
publisher = {IEEE Computer Society},
address = {Los Alamitos, CA, USA},
}

@Misc{ biblio:PDT20_CD,
	Author = {Jan Haji{\v{c}} and Eva Haji{\v{c}}ov{\'{a}} and Jaroslava Hlav{\'{a}}{\v{c}}ov{\'{a}} and V\'{a}clav Klime\v{s} and Ji\v{r}\'{i} M\'{i}rovsk\'{y} and Petr Pajas and Jan {\v{S}}t{\v{e}}p{\'{a}}nek and Barbora Vidov{\'{a}}-Hladk{\'{a}} and Zden{\v{e}}k {\v{Z}}abokrtsk{\'{y}}},
	Title = {Prague Dependency Treebank 2.0 CD­-ROM},
	Year = {2006},
	Address = {Philadelphia},
	Publisher = {Linguistic Data Consortium LDC2006T01},
	Howpublished = {Linguistic Data Consortium LDC2006T01, Philadelphia 2006}
}


@ARTICLE{ biblio:WordNetCZ2004,
   author = {Karel Pala and Pavel Smr{\v{z}}},
   title = {Building Czech Wordnet},
   pages = {79--88},
   journal = {Romanian Journal of Information Science and Technology},
   volume = {2004},
   number = {7},
   year = {2004},
   location = {Budapest, RO},
   language = {english},
   url = {http://www.fit.vutbr.cz/research/view_pub.php?id=7682}
}

@techreport{ biblio:MiBeAnnotationtectogrammatical2006,
	title = {Annotation on the tectogrammatical level in the Prague Dependency Treebank. Annotation manual},
	author = {Marie Mikulov\'{a} and Alevtina B\'{e}mov\'{a} and Jan Haji\v{c} and Eva Haji\v{c}ov\'{a} and Ji\v{r}\'{i} Havelka and Veronika Kol\'{a}\v{r}ov\'{a} and Lucie Ku\v{c}ov\'{a} and Mark\'{e}ta Lopatkov\'{a} and Petr Pajas and Jarmila Panevov\'{a} and Magda Raz\'{i}mov\'{a} and Petr Sgall and Jan \v{S}t\v{e}p\'{a}nek and Zde\v{n}ka Ure\v{s}ov\'{a} and Kate\v{r}ina Vesel\'{a} and Zden\v{e}k \v{Z}abokrtsk\'{y}},
	year = {2006},
	institution = {\'{U}{FAL} {MFF} {UK}},
	address = {Prague, Czech Rep.},
	number = {30},
}

@ARTICLE{ biblio:AdidaClickable,
  title = {Bridging the Clickable and Semantic Webs with RDFa},
  author = {Ben Adida},
  journal = {ERCIM News - Special: The Future Web},
  pages = {24--25},
  volume = {72},
  year = {2008},
  url = {http://ercim-news.ercim.org/content/view/334/528/},
  month = {January},
}

@article{biblio:feigenbaum_semantic_2007,
	title = {The Semantic Web in Action},
	author = {Lee Feigenbaum and Ivan Herman and Tonya Hongsermeier and Eric Neumann and Susie Stephens},
	journal = {Scientific American},
	month = {December},
	pages = {90-97},
	volume = {297},
	year = {2007},
	biburl = {http://www.bibsonomy.org/bibtex/2bc4435f9022e2b75af4a964a11f32293/ivan_herman},
	keywords = {myown semanticweb standards },
	url = {http://thefigtrees.net/lee/sw/sciam/semantic-web-in-action}
}

@ARTICLE{ biblio:2001-Berners-Lee-SemanticWeb,
   PAGES        = "34-43",
   JOURNAL      = "Scientific American",
   TITLE        = "The Semantic Web, A new form of Web content that is meaningful to computers will unleash a revolution of new possibilities",
   MONTH        = "May",
   YEAR         = "2001",
   VOLUME       = "284",
   CODE         = "basvg.066",
   AUTHOR       = "Tim Berners-Lee and James Hendler and Ora Lassila",
   NUMBER       = "5"
}
          
          
          
@inProceedings{ biblio:collinshbrt_1999,
      author = {Michael Collins and Jan Haji\v{c} and Eric Brill and Lance Ramshaw and Christoph Tillmann},
      title = "{A Statistical Parser of Czech}",
      pages = {505--512},
      booktitle = {Proceedings of 37th ACL Conference},
      address = {University of Maryland, College Park, USA},
      year = 1999
} 


@inProceedings{ biblio:HajicMorfTag,
Author = {Jan Haji{\v{c}}},
Title = "{Morphological Tagging: Data vs. Dictionaries}",
BookTitle = {Proceedings of the 6th Applied Natural Language Processing
and the 1st NAACL Conference},
Pages = {94--101},
Address = {Seattle, Washington},
Year = {2000}
}

@inProceedings{  biblio:AlyticAsign,
Author = {Petr Sgall and Zden{\v{e}}k {\v{Z}}abokrtsk{\'y} and
Sa{\v{s}}o D{\v{z}}eroski},
Title = "{A Machine Learning Approach to Automatic Functor Assignment in
the Prague Dependency Treebank}",
BookTitle = {Proceedings of the 3rd International Conference on Language
Resources and Evaluation},
Volume = {5},
Pages = {1513--1520},
Publisher = {European Language Resources Association},
Editor = {R. M. Rodr{\'i}guez and C. Paz Su{\'a}rez Araujo},
Year = {2002}
}
