
@inproceedings{1,
  author    = {Peter Vojt{\'a}s},
  title     = {Fuzzy logic abduction},
  booktitle = {EUSFLAT-ESTYLF Joint Conf.},
  year      = {1999},
  pages     = {319-322},
  ee        = {http://www.eusflat.org/publications/proceedings/EUSFLAT-ESTYLF_1999/papers/319-vojtas.pdf},
  crossref  = {DBLP:conf/eusflat/1999},
  bibsource = {DBLP, http://dblp.uni-trier.de}
}

@proceedings{DBLP:conf/eusflat/1999,
  editor    = {Gaspar Mayor and
               Jaume Su{\~n}er},
  title     = {Proceedings of the EUSFLAT-ESTYLF Joint Conference, Palma
               de Mallorca, Spain, September 22-25, 1999},
  booktitle = {EUSFLAT-ESTYLF Joint Conf.},
  publisher = {Universitat de les Illes Balears, Palma de Mallorca, Spain},
  year      = {1999},
  bibsource = {DBLP, http://dblp.uni-trier.de}
}

@inproceedings{2,
  author    = {Peter Vojt{\'a}s and
               Zdenek Fabi{\'a}n},
  title     = {Aggregating Similar Witnesses for Flexible Query Answering},
  booktitle = {FQAS},
  year      = {2000},
  pages     = {220-229},
  bibsource = {DBLP, http://dblp.uni-trier.de}
}

@article{3,
  author    = {Peter Vojt{\'a}s},
  title     = {Fuzzy logic programming},
  journal   = {Fuzzy Sets and Systems},
  volume    = {124},
  number    = {3},
  year      = {2001},
  pages     = {361-370},
  ee        = {http://www.sciencedirect.com/science/article/B6V05-445G529-B/2/1fe855cd27bbef3ec190f432e33ccf3c},
  bibsource = {DBLP, http://dblp.uni-trier.de}
}

@inproceedings{4,
  author    = {Jes{\'u}s Medina and
               Manuel Ojeda-Aciego and
               Peter Vojt{\'a}s},
  title     = {Multi-adjoint Logic Programming with Continuous Semantics},
  booktitle = {LPNMR},
  year      = {2001},
  pages     = {351-364},
  ee        = {http://link.springer.de/link/service/series/0558/bibs/2173/21730351.htm},
  crossref  = {DBLP:conf/lpnmr/2001},
  bibsource = {DBLP, http://dblp.uni-trier.de}
}

@proceedings{DBLP:conf/lpnmr/2001,
  editor    = {Thomas Eiter and
               Wolfgang Faber and
               Miroslaw Truszczynski},
  title     = {Logic Programming and Nonmonotonic Reasoning, 6th International
               Conference, LPNMR 2001, Vienna, Austria, September 17-19,
               2001, Proceedings},
  booktitle = {LPNMR},
  publisher = {Springer},
  series    = {Lecture Notes in Computer Science},
  volume    = {2173},
  year      = {2001},
  isbn      = {3-540-42593-4},
  bibsource = {DBLP, http://dblp.uni-trier.de}
}

@inproceedings{5,
  author    = {Jes{\'u}s Medina and
               Manuel Ojeda-Aciego and
               Peter Vojt{\'a}s},
  title     = {A Multi-adjoint Logic Approach to Abductive Reasoning},
  booktitle = {ICLP},
  year      = {2001},
  pages     = {269-283},
  ee        = {http://link.springer.de/link/service/series/0558/bibs/2237/22370269.htm},
  crossref  = {DBLP:conf/iclp/2001},
  bibsource = {DBLP, http://dblp.uni-trier.de}
}

@proceedings{DBLP:conf/iclp/2001,
  editor    = {Philippe Codognet},
  title     = {Logic Programming, 17th International Conference, ICLP 2001,
               Paphos, Cyprus, November 26 - December 1, 2001, Proceedings},
  booktitle = {ICLP},
  publisher = {Springer},
  series    = {Lecture Notes in Computer Science},
  volume    = {2237},
  year      = {2001},
  isbn      = {3-540-42935-2},
  bibsource = {DBLP, http://dblp.uni-trier.de}
}

@inproceedings{6,
  author    = {Jes{\'u}s Medina and
               Manuel Ojeda-Aciego and
               Peter Vojt{\'a}s},
  title     = {A Completeness Theorem for Multi-Adjoint Logic Programming},
  booktitle = {FUZZ-IEEE},
  year      = {2001},
  pages     = {1031-1034},
  bibsource = {DBLP, http://dblp.uni-trier.de}
}

@inproceedings{7,
  author    = {Jes{\'u}s Medina and
               Manuel Ojeda-Aciego and
               Peter Vojt{\'a}s},
  title     = {Similarity-based unification: a multi-adjoint approach},
  booktitle = {EUSFLAT Conf.},
  year      = {2001},
  pages     = {273-276},
  ee        = {http://www.eusflat.org/publications/proceedings/EUSFLAT_2001/papers/273_Medina.pdf},
  crossref  = {DBLP:conf/eusflat/2001},
  bibsource = {DBLP, http://dblp.uni-trier.de}
}

@proceedings{DBLP:conf/eusflat/2001,
  editor    = {Jonathan M. Garibaldi and
               Robert Ivor John},
  title     = {Proceedings of the 2nd International Conference in Fuzzy
               Logic and Technology, Leicester, United Kingdom, September
               5-7, 2001},
  booktitle = {EUSFLAT Conf.},
  publisher = {De Montfort University, Leicester, UK},
  year      = {2001},
  bibsource = {DBLP, http://dblp.uni-trier.de}
}

@inproceedings{8,
  author    = {Jes{\'u}s Medina and
               Manuel Ojeda-Aciego and
               Peter Vojt{\'a}s},
  title     = {A Procedural Semantics for Multi-adjoint Logic Programming},
  booktitle = {EPIA},
  year      = {2001},
  pages     = {290-297},
  ee        = {http://link.springer.de/link/service/series/0558/bibs/2258/22580290.htm},
  crossref  = {DBLP:conf/epia/2001},
  bibsource = {DBLP, http://dblp.uni-trier.de}
}

@proceedings{DBLP:conf/epia/2001,
  editor    = {Pavel Brazdil and
               Al\'{\i}pio Jorge},
  title     = {Progress in Artificial Intelligence, Knowledge Extraction,
               Multi-agent Systems, Logic Programming and Constraint Solving,
               10th Portuguese Conference on Artificial Intelligence, EPIA
               2001, Porto, Portugal, December 17-20, 2001, Proceedings},
  booktitle = {EPIA},
  publisher = {Springer},
  series    = {Lecture Notes in Computer Science},
  volume    = {2258},
  year      = {2001},
  isbn      = {3-540-43030-X},
  bibsource = {DBLP, http://dblp.uni-trier.de}
}

@inproceedings{9,
  author    = {Jaroslav Pokorn{\'y} and
               Peter Vojt{\'a}s},
  title     = {A Data Model for Flexible Querying},
  booktitle = {ADBIS},
  year      = {2001},
  pages     = {280-293},
  ee        = {http://link.springer.de/link/service/series/0558/bibs/2151/21510280.htm},
  crossref  = {DBLP:conf/adbis/2001},
  bibsource = {DBLP, http://dblp.uni-trier.de}
}

@proceedings{DBLP:conf/adbis/2001,
  editor    = {Albertas Caplinskas and
               Johann Eder},
  title     = {Advances in Databases and Information Systems, 5th East
               European Conference, ADBIS 2001, Vilnius, Lithuania, September
               25-28, 2001, Proceedings},
  booktitle = {ADBIS},
  publisher = {Springer},
  series    = {Lecture Notes in Computer Science},
  volume    = {2151},
  year      = {2001},
  isbn      = {3-540-42555-1},
  bibsource = {DBLP, http://dblp.uni-trier.de}
}

@article{10,
  author    = {Jes{\'u}s Medina and
               Manuel Ojeda-Aciego and
               Peter Vojt{\'a}s},
  title     = {A Multi-Adjoint Approach to Similarity-Based Unification},
  journal   = {Electr. Notes Theor. Comput. Sci.},
  volume    = {66},
  number    = {5},
  year      = {2002},
  ee        = {http://www.elsevier.com/gej-ng/31/29/23/120/52/show/Products/notes/index.htt\#006},
  bibsource = {DBLP, http://dblp.uni-trier.de}
}
      
@inproceedings{11,
  author    = {Stanislav Krajci and
               Rastislav Lencses and
               Jes{\'u}s Medina and
               Manuel Ojeda-Aciego and
               Agust\'{\i}n Valverde and
               Peter Vojt{\'a}s},
  title     = {Non-commutativity and Expressive Deductive Logic Databases},
  booktitle = {JELIA},
  year      = {2002},
  pages     = {149-160},
  ee        = {http://link.springer.de/link/service/series/0558/bibs/2424/24240149.htm},
  crossref  = {DBLP:conf/jelia/2002},
  bibsource = {DBLP, http://dblp.uni-trier.de}
}

@proceedings{DBLP:conf/jelia/2002,
  editor    = {Sergio Flesca and
               Sergio Greco and
               Nicola Leone and
               Giovambattista Ianni},
  title     = {Logics in Artificial Intelligence, European Conference,
               JELIA 2002, Cosenza, Italy, September, 23-26, Proceedings},
  booktitle = {JELIA},
  publisher = {Springer},
  series    = {Lecture Notes in Computer Science},
  volume    = {2424},
  year      = {2002},
  isbn      = {3-540-44190-5},
  bibsource = {DBLP, http://dblp.uni-trier.de}
}

@inproceedings{12,
  author    = {Stanislav Krajci and
               Rastislav Lencses and
               Jes{\'u}s Medina and
               Manuel Ojeda-Aciego and
               Peter Vojt{\'a}s},
  title     = {A Similarity-Based Unification Model for Flexible Querying},
  booktitle = {FQAS},
  year      = {2002},
  pages     = {263-273},
  ee        = {http://link.springer.de/link/service/series/0558/bibs/2522/25220263.htm},
  crossref  = {DBLP:conf/fqas/2002},
  bibsource = {DBLP, http://dblp.uni-trier.de}
}

@proceedings{DBLP:conf/fqas/2002,
  editor    = {Troels Andreasen and
               Amihai Motro and
               Henning Christiansen and
               Henrik Legind Larsen},
  title     = {Flexible Query Answering Systems, 5th International Conference,
               FQAS 2002, Copenhagen, Denmark, October 27-29, 2002, Proceedings},
  booktitle = {FQAS},
  publisher = {Springer},
  series    = {Lecture Notes in Computer Science},
  volume    = {2522},
  year      = {2002},
  isbn      = {3-540-00074-7},
  bibsource = {DBLP, http://dblp.uni-trier.de}
}

@inproceedings{13,
  author    = {Stanislav Krajci and
               Rastislav Lencses and
               Peter Vojt{\'a}s},
  title     = {A data model for annotated programs},
  booktitle = {ADBIS Research Communications},
  year      = {2002},
  pages     = {141-154},
  ee        = {http://www.dcs.elf.stuba.sk/adbis2002/bin/abstracts1.htm\#krajci},
  crossref  = {DBLP:conf/adbis/2002l},
  bibsource = {DBLP, http://dblp.uni-trier.de}
}

@proceedings{DBLP:conf/adbis/2002l,
  editor    = {Yannis Manolopoulos and
               Pavol N{\'a}vrat},
  title     = {Advances in Databases and Information Systems, 6th East
               European Conference, ADBIS 2002, Bratislava, Slovakia, September
               8-11, 2002, Proceedings, Volume 2: Research Communications},
  booktitle = {ADBIS Research Communications},
  publisher = {Slovak University of Technology, Bratislava},
  year      = {2002},
  isbn      = {80-227-1744-4},
  bibsource = {DBLP, http://dblp.uni-trier.de}
}
@inproceedings{14,
  author    = {Jes{\'u}s Medina and
               Manuel Ojeda-Aciego and
               Agust\'{\i}n Valverde and
               Peter Vojt{\'a}s},
  title     = {Towards Biresiduated Multi-adjoint Logic Programming},
  booktitle = {CAEPIA},
  year      = {2003},
  pages     = {608-617},
  ee        = {http://springerlink.metapress.com/openurl.asp?genre=article{\&}issn=0302-9743{\&}volume=3040{\&}spage=608},
  crossref  = {DBLP:conf/caepia/2003},
  bibsource = {DBLP, http://dblp.uni-trier.de}
}

@proceedings{DBLP:conf/caepia/2003,
  editor    = {Ricardo Conejo and
               Maite Urretavizcaya and
               Jos{\'e}-Luis P{\'e}rez-de-la-Cruz},
  title     = {Current Topics in Artificial Intelligence, 10th Conference
               of the Spanish Association for Artificial Intelligence,
               CAEPIA 2003, and 5th Conference on Technology Transfer,
               TTIA 2003, San Sebastian, Spain, November 12-14, 2003. Revised
               Selected Papers},
  booktitle = {CAEPIA},
  publisher = {Springer},
  series    = {Lecture Notes in Computer Science},
  volume    = {3040},
  year      = {2004},
  isbn      = {3-540-22218-9},
  bibsource = {DBLP, http://dblp.uni-trier.de}
}

@article{15,
  author    = {Jes{\'u}s Medina and
               Manuel Ojeda-Aciego and
               Peter Vojt{\'a}s},
  title     = {Similarity-based unification: a multi-adjoint approach},
  journal   = {Fuzzy Sets and Systems},
  volume    = {146},
  number    = {1},
  year      = {2004},
  pages     = {43-62},
  ee        = {http://dx.doi.org/10.1016/j.fss.2003.11.005},
  bibsource = {DBLP, http://dblp.uni-trier.de}
}
@article{16,
  author    = {Stanislav Krajci and
               Rastislav Lencses and
               Peter Vojt{\'a}s},
  title     = {A comparison of fuzzy and annotated logic programming},
  journal   = {Fuzzy Sets and Systems},
  volume    = {144},
  number    = {1},
  year      = {2004},
  pages     = {173-192},
  ee        = {http://dx.doi.org/10.1016/j.fss.2003.10.019},
  bibsource = {DBLP, http://dblp.uni-trier.de}
}

@article{17,
  author    = {Dana Smutn{\'a} and
               Peter Vojt{\'a}s},
  title     = {Graded many-valued resolution with aggregation},
  journal   = {Fuzzy Sets and Systems},
  volume    = {143},
  number    = {1},
  year      = {2004},
  pages     = {157-168},
  ee        = {http://dx.doi.org/10.1016/j.fss.2003.06.010},
  bibsource = {DBLP, http://dblp.uni-trier.de}
}

@inproceedings{18,
  author    = {Tom{\'a}s Horv{\'a}th and
               Peter Vojt{\'a}s},
  title     = {Fuzzy Induction via Generalized Annotated Programs},
  booktitle = {Fuzzy Days},
  year      = {2004},
  pages     = {419-433},
  ee        = {http://dx.doi.org/10.1007/3-540-31182-3_39},
  crossref  = {DBLP:conf/fuzzy/2004},
  bibsource = {DBLP, http://dblp.uni-trier.de}
}

@proceedings{DBLP:conf/fuzzy/2004,
  editor    = {Bernd Reusch},
  title     = {Computational Intelligence, Theory and Applications, International
               Conference 8th Fuzzy Days, Dortmund, Germany, Sept. 29 -
               Oct. 01, 2004},
  booktitle = {Fuzzy Days},
  publisher = {Springer},
  series    = {Advances in Soft Computing},
  volume    = {33},
  year      = {2005},
  isbn      = {978-3-540-22807-3},
  bibsource = {DBLP, http://dblp.uni-trier.de}
}

@inproceedings{19,
  author    = {Tom{\'a}s Horv{\'a}th and
               Frantisek Sudzina and
               Peter Vojt{\'a}s},
  title     = {Mining Rules from Monotone Classification Measuring Impact
               of Information Systems on Business Competitiveness},
  booktitle = {BASYS},
  year      = {2004},
  pages     = {451-458},
  ee        = {http://dx.doi.org/10.1007/0-387-22829-2_48},
  crossref  = {DBLP:conf/ifip5-3/2004},
  bibsource = {DBLP, http://dblp.uni-trier.de}
}

@proceedings{DBLP:conf/ifip5-3/2004,
  editor    = {Luis M. Camarinha-Matos},
  title     = {Emerging Solutions for Future Manufacturing Systems, IFIP
               TC5 / WG5.5 Sixth IFIP International Conference on Information
               Technology for Balanced Automation Systems in Manufacturing
               and Services, 27-29 September 2004, Vienna, Austria},
  booktitle = {BASYS},
  publisher = {Springer},
  series    = {IFIP International Federation for Information Processing},
  volume    = {159},
  year      = {2005},
  isbn      = {0-387-22828-4},
  bibsource = {DBLP, http://dblp.uni-trier.de}
}

@inproceedings{20,
  author    = {Peter Vojt{\'a}s},
  title     = {Fuzzy logic as an optimization task},
  booktitle = {EUSFLAT Conf.},
  year      = {2005},
  pages     = {781-786},
  ee        = {http://www.eusflat.org/publications/proceedings/EUSFLAT-LFA_2005/papers/S115-03.pdf},
  crossref  = {DBLP:conf/eusflat/2005},
  bibsource = {DBLP, http://dblp.uni-trier.de}
}

@proceedings{DBLP:conf/eusflat/2005,
  editor    = {Eduard Montseny and
               Pilar Sobrevilla},
  title     = {Proceedings of the Joint 4th Conference of the European
               Society for Fuzzy Logic and Technology and the 11th Rencontres
               Francophones sur la Logique Floue et ses Applications, Barcelona,
               Spain, September 7-9, 2005},
  booktitle = {EUSFLAT Conf.},
  publisher = {Universidad Polytecnica de Catalunya},
  year      = {2005},
  isbn      = {84-7653-872-3},
  bibsource = {DBLP, http://dblp.uni-trier.de}
}
@inproceedings{21,
  author    = {Peter Gursk{\'y} and
               Tom{\'a}s Horv{\'a}th and
               Robert Novotny and
               Veronika Vanekov{\'a} and
               Peter Vojt{\'a}s},
  title     = {UPRE: User Preference Based Search System},
  booktitle = {Web Intelligence},
  year      = {2006},
  pages     = {841-844},
  ee        = {http://doi.ieeecomputersociety.org/10.1109/WI.2006.181},
  crossref  = {DBLP:conf/webi/2006},
  bibsource = {DBLP, http://dblp.uni-trier.de}
}

@proceedings{DBLP:conf/webi/2006,
  title     = {2006 IEEE / WIC / ACM International Conference on Web Intelligence
               (WI 2006), 18-22 December 2006, Hong Kong, China},
  booktitle = {Web Intelligence},
  publisher = {IEEE Computer Society},
  year      = {2006},
  isbn      = {0-7695-2747-7},
  bibsource = {DBLP, http://dblp.uni-trier.de}
}
@inproceedings{22,
  author    = {Peter Vojt{\'a}s},
  title     = {EL Description Logic Modeling Querying Web and Learning
               Imperfect User Preferences},
  booktitle = {URSW},
  year      = {2006},
  ee        = {http://ceur-ws.org/Vol-218/pos_paper2.pdf},
  crossref  = {DBLP:conf/semweb/2006ursw},
  bibsource = {DBLP, http://dblp.uni-trier.de}
}

@proceedings{DBLP:conf/semweb/2006ursw,
  editor    = {Paulo Cesar G. da Costa and
               Kathryn B. Laskey and
               Kenneth J. Laskey and
               Francis Fung and
               Michael Pool},
  title     = {Proceedings of the Second ISWC Workshop on Uncertainty Reasoning
               for the Semantic Web, Athens, Georgia, USA, November 5,
               2006},
  booktitle = {URSW},
  publisher = {CEUR-WS.org},
  series    = {CEUR Workshop Proceedings},
  volume    = {218},
  year      = {2006},
  bibsource = {DBLP, http://dblp.uni-trier.de}
}

@inproceedings{23,
  author    = {Tom{\'a}s Horv{\'a}th and
               Peter Vojt{\'a}s},
  title     = {Ordinal Classification with Monotonicity Constraints},
  booktitle = {Industrial Conference on Data Mining},
  year      = {2006},
  pages     = {217-225},
  ee        = {http://dx.doi.org/10.1007/11790853_17},
  crossref  = {DBLP:conf/incdm/2006},
  bibsource = {DBLP, http://dblp.uni-trier.de}
}

@proceedings{DBLP:conf/incdm/2006,
  editor    = {Petra Perner},
  title     = {Advances in Data Mining, Applications in Medicine, Web Mining,
               Marketing, Image and Signal Mining, 6th Industrial Conference
               on Data Mining, ICDM 2006, Leipzig, Germany, July 14-15,
               2006, Proceedings},
  booktitle = {Industrial Conference on Data Mining},
  publisher = {Springer},
  series    = {Lecture Notes in Computer Science},
  volume    = {4065},
  year      = {2006},
  isbn      = {3-540-36036-0},
  bibsource = {DBLP, http://dblp.uni-trier.de}
}

@inproceedings{24,
  author    = {Tom{\'a}s Horv{\'a}th and
               Peter Vojt{\'a}s},
  title     = {Induction of Fuzzy and Annotated Logic Programs},
  booktitle = {ILP},
  year      = {2006},
  pages     = {260-274},
  ee        = {http://dx.doi.org/10.1007/978-3-540-73847-3_27},
  crossref  = {DBLP:conf/ilp/2006},
  bibsource = {DBLP, http://dblp.uni-trier.de}
}

@proceedings{DBLP:conf/ilp/2006,
  editor    = {Stephen Muggleton and
               Ram{\'o}n P. Otero and
               Alireza Tamaddoni-Nezhad},
  title     = {Inductive Logic Programming, 16th International Conference,
               ILP 2006, Santiago de Compostela, Spain, August 24-27, 2006,
               Revised Selected Papers},
  booktitle = {ILP},
  publisher = {Springer},
  series    = {Lecture Notes in Computer Science},
  volume    = {4455},
  year      = {2007},
  isbn      = {978-3-540-73846-6},
  bibsource = {DBLP, http://dblp.uni-trier.de}
}


@inproceedings{25,
  author    = {Peter Vojt{\'a}s},
  title     = {EL description logics with aggregation of user
               preference concepts},
  booktitle = {EJC},
  year      = {2006},
  pages     = {154-165},
  crossref  = {DBLP:conf/ejc/2006},
  bibsource = {DBLP, http://dblp.uni-trier.de}
}

@proceedings{DBLP:conf/ejc/2006,
  editor    = {Marie Duzi and
               Hannu Jaakkola and
               Yasushi Kiyoki and
               Hannu Kangassalo},
  title     = {Information Modelling and Knowledge Bases XVIII, 16th European-Japanese
               Conference on Information Modelling and Knowledge Bases
               (EJC 2006), Trojanovice, Czech Republic, May 29th - June
               2nd, 2006},
  booktitle = {EJC},
  publisher = {IOS Press},
  series    = {Frontiers in Artificial Intelligence and Applications},
  volume    = {154},
  year      = {2007},
  isbn      = {978-1-58603-710-9},
  bibsource = {DBLP, http://dblp.uni-trier.de}
}

@inproceedings{26,
  author    = {Alan Eckhardt and
               Tom{\'a}s Horv{\'a}th and
               Peter Vojt{\'a}s},
  title     = {PHASES: A User Profile Learning Approach for Web Search},
  booktitle = {Web Intelligence},
  year      = {2007},
  pages     = {780-783},
  ee        = {http://dx.doi.org/10.1109/WI.2007.4427189},
  crossref  = {DBLP:conf/webi/2007},
  bibsource = {DBLP, http://dblp.uni-trier.de}
}

@proceedings{DBLP:conf/webi/2007,
  title     = {2007 IEEE / WIC / ACM International Conference on Web Intelligence,
               WI 2007, 2-5 November 2007, Silicon Valley, CA, USA, Main
               Conference Proceedings},
  booktitle = {Web Intelligence},
  publisher = {IEEE Computer Society},
  year      = {2007},
  isbn      = {0-7695-3026-5},
  bibsource = {DBLP, http://dblp.uni-trier.de}
}

@inproceedings{27,
  author    = {Alan Eckhardt and
               Tom{\'a}s Horv{\'a}th and
               Dusan Marusc{\'a}k and
               Robert Novotny and
               Peter Vojt{\'a}s},
  title     = {Uncertainty Issues in Automating Process Connecting Web
               and User},
  booktitle = {URSW},
  year      = {2007},
  ee        = {http://ceur-ws.org/Vol-327/paper9.pdf},
  crossref  = {DBLP:conf/semweb/2007ursw},
  bibsource = {DBLP, http://dblp.uni-trier.de}
}

@proceedings{DBLP:conf/semweb/2007ursw,
  editor    = {Fernando Bobillo and
               Paulo Cesar G. da Costa and
               Claudia d'Amato and
               Nicola Fanizzi and
               Francis Fung and
               Thomas Lukasiewicz and
               Trevor Martin and
               Matthias Nickles and
               Yun Peng and
               Michael Pool and
               Pavel Smrz and
               Peter Vojt{\'a}s},
  title     = {Proceedings of the Third ISWC Workshop on Uncertainty Reasoning
               for the Semantic Web Busan, Korea, November 12, 2007},
  booktitle = {URSW},
  publisher = {CEUR-WS.org},
  series    = {CEUR Workshop Proceedings},
  volume    = {327},
  year      = {2008},
  bibsource = {DBLP, http://dblp.uni-trier.de}
}

@inproceedings{28,
  author    = {Alan Eckhardt and
               Tom{\'a}s Horv{\'a}th and
               Peter Vojt{\'a}s},
  title     = {Learning Different User Profile Annotated Rules for Fuzzy
               Preference Top-k Querying},
  booktitle = {SUM},
  year      = {2007},
  pages     = {116-130},
  ee        = {http://dx.doi.org/10.1007/978-3-540-75410-7_9},
  crossref  = {DBLP:conf/sum/2007},
  bibsource = {DBLP, http://dblp.uni-trier.de}
}

@proceedings{DBLP:conf/sum/2007,
  editor    = {Henri Prade and
               V. S. Subrahmanian},
  title     = {Scalable Uncertainty Management, First International Conference,
               SUM 2007, Washington, DC, USA, October 10-12, 2007, Proceedings},
  booktitle = {SUM},
  publisher = {Springer},
  series    = {Lecture Notes in Computer Science},
  volume    = {4772},
  year      = {2007},
  isbn      = {978-3-540-75407-7},
  bibsource = {DBLP, http://dblp.uni-trier.de}
}
@inproceedings{29,
  author    = {Alan Eckhardt and
               Jaroslav Pokorn{\'y} and
               Peter Vojt{\'a}s},
  title     = {A System Recommending Top-k Objects for Multiple Users Preferences},
  booktitle = {FUZZ-IEEE},
  year      = {2007},
  pages     = {1-6},
  ee        = {http://dx.doi.org/10.1109/FUZZY.2007.4295521},
  crossref  = {DBLP:conf/fuzzIEEE/2007},
  bibsource = {DBLP, http://dblp.uni-trier.de}
}

@proceedings{DBLP:conf/fuzzIEEE/2007,
  title     = {FUZZ-IEEE 2007, IEEE International Conference on Fuzzy Systems,
               Imperial College, London, UK, 23-26 July, 2007, Proceedings},
  booktitle = {FUZZ-IEEE},
  publisher = {IEEE},
  year      = {2007},
  bibsource = {DBLP, http://dblp.uni-trier.de}
}

@inproceedings{30,
  author    = {Alan Eckhardt and
               Jaroslav Pokorn{\'y} and
               Peter Vojt{\'a}s},
  title     = {Integrating user and group preferences for top-k search
               from distributed web resources},
  booktitle = {DEXA Workshops},
  year      = {2007},
  pages     = {317-322},
  ee        = {http://doi.ieeecomputersociety.org/10.1109/DEXA.2007.92},
  crossref  = {DBLP:conf/dexaw/2007},
  bibsource = {DBLP, http://dblp.uni-trier.de}
}

@proceedings{DBLP:conf/dexaw/2007,
  title     = {18th International Workshop on Database and Expert Systems
               Applications (DEXA 2007), 3-7 September 2007, Regensburg,
               Germany},
  booktitle = {DEXA Workshops},
  publisher = {IEEE Computer Society},
  year      = {2007},
  isbn      = {0-7695-2932-1},
  bibsource = {DBLP, http://dblp.uni-trier.de}
}
@inproceedings{31,
  author    = {Peter Vojt{\'a}s and
               Alan Eckhardt},
  title     = {Considering Data-Mining Techniques in User Preference Learning},
  booktitle = {Web Intelligence/IAT Workshops},
  year      = {2008},
  pages     = {33-36},
  ee        = {http://dx.doi.org/10.1109/WIIAT.2008.53},
  crossref  = {DBLP:conf/iat/2008w},
  bibsource = {DBLP, http://dblp.uni-trier.de}
}

@proceedings{DBLP:conf/iat/2008w,
  title     = {Proceedings of the 2008 IEEE/WIC/ACM International Conference
               on Web Intelligence and International Conference on Intelligent
               Agent Technology - Workshops, 9-12 December 2008, Sydney,
               NSW, Australia},
  booktitle = {Web Intelligence/IAT Workshops},
  publisher = {IEEE},
  year      = {2008},
  bibsource = {DBLP, http://dblp.uni-trier.de}
}
@inproceedings{32,
  author    = {Alan Eckhardt and
               Tom{\'a}s Horv{\'a}th and
               Dusan Marusc{\'a}k and
               Robert Novotny and
               Peter Vojt{\'a}s},
  title     = {Uncertainty Issues and Algorithms in Automating Process
               Connecting Web and User},
  booktitle = {URSW (LNCS Vol.)},
  year      = {2008},
  pages     = {207-223},
  ee        = {http://dx.doi.org/10.1007/978-3-540-89765-1_13},
  crossref  = {DBLP:conf/semweb/2007ursw-lncs},
  bibsource = {DBLP, http://dblp.uni-trier.de}
}

@proceedings{DBLP:conf/semweb/2007ursw-lncs,
  editor    = {Paulo Cesar G. da Costa and
               Claudia d'Amato and
               Nicola Fanizzi and
               Kathryn B. Laskey and
               Kenneth J. Laskey and
               Thomas Lukasiewicz and
               Matthias Nickles and
               Michael Pool},
  title     = {Uncertainty Reasoning for the Semantic Web I, ISWC International
               Workshops, URSW 2005-2007, Revised Selected and Invited
               Papers},
  booktitle = {URSW (LNCS Vol.)},
  publisher = {Springer},
  series    = {Lecture Notes in Computer Science},
  volume    = {5327},
  year      = {2008},
  isbn      = {978-3-540-89764-4},
  bibsource = {DBLP, http://dblp.uni-trier.de}
}
@inproceedings{33,
  author    = {Jan Dedek and
               Alan Eckhardt and
               Leo Galambos and
               Peter Vojt{\'a}s},
  title     = {Discussion on Uncertainty Ontology for Annotation and Reasoning},
  booktitle = {URSW},
  year      = {2008},
  ee        = {http://ceur-ws.org/Vol-423/pos_paper2.pdf},
  crossref  = {DBLP:conf/semweb/2008ursw},
  bibsource = {DBLP, http://dblp.uni-trier.de}
}

@proceedings{DBLP:conf/semweb/2008ursw,
  editor    = {Fernando Bobillo and
               Paulo Cesar G. da Costa and
               Claudia d'Amato and
               Nicola Fanizzi and
               Kathryn B. Laskey and
               Kenneth J. Laskey and
               Thomas Lukasiewicz and
               Trevor P. Martin and
               Matthias Nickles and
               Michael Pool and
               Pavel Smrz},
  title     = {Proceedings of the Fourth International Workshop on Uncertainty
               Reasoning for the Semantic Web, Karlsruhe, Germany, October
               26, 2008},
  booktitle = {URSW},
  publisher = {CEUR-WS.org},
  series    = {CEUR Workshop Proceedings},
  volume    = {423},
  year      = {2008},
  bibsource = {DBLP, http://dblp.uni-trier.de}
}

@inproceedings{34,
  author    = {Peter Gursk{\'y} and
               Peter Vojt{\'a}s},
  title     = {Speeding Up the NRA Algorithm},
  booktitle = {SUM},
  year      = {2008},
  pages     = {243-255},
  ee        = {http://dx.doi.org/10.1007/978-3-540-87993-0_20},
  crossref  = {DBLP:conf/sum/2008},
  bibsource = {DBLP, http://dblp.uni-trier.de}
}

@proceedings{DBLP:conf/sum/2008,
  editor    = {Sergio Greco and
               Thomas Lukasiewicz},
  title     = {Scalable Uncertainty Management, Second International Conference,
               SUM 2008, Naples, Italy, October 1-3, 2008. Proceedings},
  booktitle = {SUM},
  publisher = {Springer},
  series    = {Lecture Notes in Computer Science},
  volume    = {5291},
  year      = {2008},
  isbn      = {978-3-540-87992-3},
  bibsource = {DBLP, http://dblp.uni-trier.de}
}
@inproceedings{35,
  author    = {Jan Dedek and
               Peter Vojt{\'a}s},
  title     = {Linguistic Extraction for Semantic Annotation},
  booktitle = {IDC},
  year      = {2008},
  pages     = {85-94},
  ee        = {http://dx.doi.org/10.1007/978-3-540-85257-5_9},
  crossref  = {DBLP:conf/idc/2008},
  bibsource = {DBLP, http://dblp.uni-trier.de}
}

@proceedings{DBLP:conf/idc/2008,
  editor    = {Costin Badica and
               Giuseppe Mangioni and
               Vincenza Carchiolo and
               Dumitru Dan Burdescu},
  title     = {Intelligent Distributed Computing, Systems and Applications,
               Proceedings of the 2nd International Symposium on Intelligent
               Distributed Computing - IDC 2008, Catania, Italy, 2008},
  publisher = {Springer},
  series    = {Studies in Computational Intelligence},
  volume    = {162},
  year      = {2008},
  isbn      = {978-3-540-85256-8},
  bibsource = {DBLP, http://dblp.uni-trier.de}
}
@inproceedings{36,
  author    = {Marie Duz\'{\i} and
               Anneli Heimb{\"u}rger and
               Takehiro Tokuda and
               Peter Vojt{\'a}s and
               Naofumi Yoshida},
  title     = {Multi-Agent Knowledge Modelling},
  booktitle = {EJC},
  year      = {2008},
  pages     = {411-428},
  ee        = {http://dx.doi.org/10.3233/978-1-58603-957-8-411},
  crossref  = {DBLP:conf/ejc/2008},
  bibsource = {DBLP, http://dblp.uni-trier.de}
}

@proceedings{DBLP:conf/ejc/2008,
  editor    = {Yasushi Kiyoki and
               Takahiro Tokuda and
               Hannu Jaakkola and
               Xin Chen and
               Naofumi Yoshida},
  title     = {Information Modelling and Knowledge Bases XX, 18th European-Japanese
               Conference on Information Modelling and Knowledge Bases
               (EJC 2008), Tsukuba, Japan, June 2-6, 2008},
  booktitle = {EJC},
  publisher = {IOS Press},
  series    = {Frontiers in Artificial Intelligence and Applications},
  volume    = {190},
  year      = {2009},
  isbn      = {978-1-58603-957-8},
  bibsource = {DBLP, http://dblp.uni-trier.de}
}
@inproceedings{37,
  author    = {Veronika Vanekov{\'a} and
               Peter Vojt{\'a}s},
  title     = {A Description Logic with Concept Instance Ordering and Top-k
               Restriction},
  booktitle = {EJC},
  year      = {2008},
  pages     = {139-153},
  ee        = {http://dx.doi.org/10.3233/978-1-58603-957-8-139},
  crossref  = {DBLP:conf/ejc/2008},
  bibsource = {DBLP, http://dblp.uni-trier.de}
}

@proceedings{DBLP:conf/ejc/2008,
  editor    = {Yasushi Kiyoki and
               Takahiro Tokuda and
               Hannu Jaakkola and
               Xin Chen and
               Naofumi Yoshida},
  title     = {Information Modelling and Knowledge Bases XX, 18th European-Japanese
               Conference on Information Modelling and Knowledge Bases
               (EJC 2008), Tsukuba, Japan, June 2-6, 2008},
  booktitle = {EJC},
  publisher = {IOS Press},
  series    = {Frontiers in Artificial Intelligence and Applications},
  volume    = {190},
  year      = {2009},
  isbn      = {978-1-58603-957-8},
  bibsource = {DBLP, http://dblp.uni-trier.de}
}
@inproceedings{38,
  author    = {Peter Vojt{\'a}s},
  title     = {Decathlon, Conflicting Objectives and User Preference Querying},
  booktitle = {DATESO},
  year      = {2008},
  ee        = {http://ceur-ws.org/Vol-330/Invited3.pdf},
  crossref  = {DBLP:conf/dateso/2008},
  bibsource = {DBLP, http://dblp.uni-trier.de}
}

@proceedings{DBLP:conf/dateso/2008,
  editor    = {V{\'a}clav Sn{\'a}sel and
               Karel Richta and
               Jaroslav Pokorn{\'y}},
  title     = {Proceedings of the Dateso 2008 Annual International Workshop
               on DAtabases, TExts, Specifications and Objects, Desna,
               Czech Republic, April 16-18, 2008},
  booktitle = {DATESO},
  publisher = {CEUR-WS.org},
  series    = {CEUR Workshop Proceedings},
  volume    = {330},
  year      = {2008},
  bibsource = {DBLP, http://dblp.uni-trier.de}
}
@inproceedings{39,
  author    = {Peter Gursk{\'y} and
               Peter Vojt{\'a}s},
  title     = {On Top-kSearch with No Random Access Using Small Memory},
  booktitle = {ADBIS},
  year      = {2008},
  pages     = {97-111},
  ee        = {http://dx.doi.org/10.1007/978-3-540-85713-6_8},
  crossref  = {DBLP:conf/adbis/2008},
  bibsource = {DBLP, http://dblp.uni-trier.de}
}

@proceedings{DBLP:conf/adbis/2008,
  editor    = {Paolo Atzeni and
               Albertas Caplinskas and
               Hannu Jaakkola},
  title     = {Advances in Databases and Information Systems, 12th East
               European Conference, ADBIS 2008, Pori, Finland, September
               5-9, 2008. Proceedings},
  booktitle = {ADBIS},
  publisher = {Springer},
  series    = {Lecture Notes in Computer Science},
  volume    = {5207},
  year      = {2008},
  isbn      = {978-3-540-85712-9},
  bibsource = {DBLP, http://dblp.uni-trier.de}
}
@inproceedings{40,
  author    = {Jan Dedek and
               Peter Vojt{\'a}s},
  title     = {Fuzzy Classification of Web Reports with Linguistic Text
               Mining},
  booktitle = {Web Intelligence/IAT Workshops},
  year      = {2009},
  pages     = {167-170},
  ee        = {http://dx.doi.org/10.1109/WI-IAT.2009.254},
  crossref  = {DBLP:conf/iat/2009w},
  bibsource = {DBLP, http://dblp.uni-trier.de}
}
@inproceedings{41,
  author    = {Robert Novotny and
               Peter Vojt{\'a}s and
               Dusan Marusc{\'a}k},
  title     = {Information Extraction from Web Pages},
  booktitle = {Web Intelligence/IAT Workshops},
  year      = {2009},
  pages     = {121-124},
  ee        = {http://dx.doi.org/10.1109/WI-IAT.2009.245},
  crossref  = {DBLP:conf/iat/2009w},
  bibsource = {DBLP, http://dblp.uni-trier.de}
}
@inproceedings{42,
  author    = {Alan Eckhardt and
               Peter Vojt{\'a}s},
  title     = {Evaluating Natural User Preferences for Selective Retrieval},
  booktitle = {Web Intelligence/IAT Workshops},
  year      = {2009},
  pages     = {104-107},
  ee        = {http://dx.doi.org/10.1109/WI-IAT.2009.241},
  crossref  = {DBLP:conf/iat/2009w},
  bibsource = {DBLP, http://dblp.uni-trier.de}
}

@proceedings{DBLP:conf/iat/2009w,
  title     = {Proceedings of the 2008 IEEE/WIC/ACM International Conference
               on Web Intelligence and International Conference on Intelligent
               Agent Technology - Workshops, Milan, Italy, 15-18 September
               2009},
  booktitle = {Web Intelligence/IAT Workshops},
  publisher = {IEEE},
  year      = {2009},
  bibsource = {DBLP, http://dblp.uni-trier.de}
}
@inproceedings{43,
  author    = {Petr Jencek and
               Peter Vojt{\'a}s and
               Michal Kopecky and
               Cyril H{\"o}sch},
  title     = {Sociomapping in Text Retrieval Systems},
  booktitle = {FQAS},
  year      = {2009},
  pages     = {122-133},
  ee        = {http://dx.doi.org/10.1007/978-3-642-04957-6_11},
  crossref  = {DBLP:conf/fqas/2009},
  bibsource = {DBLP, http://dblp.uni-trier.de}
}

@proceedings{DBLP:conf/fqas/2009,
  editor    = {Troels Andreasen and
               Ronald R. Yager and
               Henrik Bulskov and
               Henning Christiansen and
               Henrik Legind Larsen},
  title     = {Flexible Query Answering Systems, 8th International Conference,
               FQAS 2009, Roskilde, Denmark, October 26-28, 2009. Proceedings},
  booktitle = {FQAS},
  publisher = {Springer},
  series    = {Lecture Notes in Computer Science},
  volume    = {5822},
  year      = {2009},
  isbn      = {978-3-642-04956-9},
  ee        = {http://dx.doi.org/10.1007/978-3-642-04957-6},
  bibsource = {DBLP, http://dblp.uni-trier.de}
}

@inproceedings{44,
title = {On fuzzy vs. metric similarity search in complex databases},
author = {Alan Eckhardt and Tom{\'{a}}{\v{s}} Skopal and Peter Vojt{\'{a}}{\v{s}}},
year = {2009},
pages = {64--75},
crossref = {biblio:AnYaFQAS20092009},
booktitle = {{FQAS} 2009 - Eighth International Conference Flexible Query Answering Systems 2009},
}

@article{ 45,
title = {User preference web search - experiments with a system connecting web and user},
title = {Computing and Informatics},
author = {P. Gursk{\'{y}} and T. Horv{\'{a}}th and Jozef Jir{\'{a}}sek and Stanislav Kraj{\v{c}}i and R{\'{o}}bert Novotn{\'{y}} and Jana Pribolov{\'{a}} and Veronika Vanekov{\'{a}} and Peter Vojt{\'{a}}{\v{s}}},
year = {2009},
publisher = {Slovak Academy of Science},
institution = {Institute of Computer Science},
volume = {28},
number = {4},
pages = {515--553},
issn = {1335-9150},
journal = {Computing and Informatics},
}

@article{ 46,
title = {On supporting wide range of attribute types for top-k search},
title = {Computing and Informatics},
author = {P. Gursk{\'{y}} and Ren{\'{e}} P{\'{a}}zman and Peter Vojt{\'{a}}{\v{s}}},
year = {2009},
publisher = {Slovak Academy of Science},
institution = {Institute of Computer Science},
address = {28},
volume = {4},
pages = {483--513},
issn = {1335-9150},
journal = {Computing and Informatics},
}

@inproceedings{ 47,
title = {Combining various methods of automated user decision and preferences modelling},
author = {Alan Eckhardt and Peter Vojt{\'{a}}{\v{s}}},
year = {2009},
pages = {172--181},
crossref = {biblio:MDAI20092009},
booktitle = {{MDAI} 2009 - The 6th International Conference on Modeling Decisions for Artificial Intelligence},
}

@proceedings{ biblio:MDAI20092009,
title = {{LNAI}, {MDAI} 2009 - The 6th International Conference on Modeling Decisions for Artificial Intelligence},
year = {2009},
publisher = {Springer},
series = {{LNCS}},
volume = {5861 },
isbn = {978-3-642-04819-7},
}

@proceedings{ biblio:AnYaFQAS20092009,
title = {{LNAI}, {FQAS} 2009 - Eighth International Conference Flexible Query Answering Systems 2009},
editor = {T Andreasen and R. R. Yager and H Christiansen and {HL} Larsen},
year = {2009},
publisher = {Springer},
series = {{LNCS}},
volume = {5822 },
isbn = {978-3-642-04956-9},
}

@ARTICLE{KS,
    author = {Michael Kifer and V. S. Subrahmanian},
    title = {Theory of Generalized Annotated Logic Programming and its Applications},
    journal = {Journal of Logic Programming},
    year = {1992},
    volume = {12},
    pages = {335--367}
}

@ARTICLE{P,
    author = {Jan Pavelka},
    title = {On fuzzy logic I, II, III},
    journal = {Zeitschrift fur Math. Logik und Grundlagen der Math},
    year = {1979},
    volume = {25},
    pages = {45--52, 119--134, 447--464}
}

@book{Ll,
 author = {Lloyd, John Wylie},
 title = {Foundations of Logic Programming},
 year = {1993},
 isbn = {0387181997},
 publisher = {Springer-Verlag New York, Inc.},
 address = {Secaucus, NJ, USA},
 }
 
 @book{Ha,
    abstract = {This book presents a systematic treatment of deductive aspects and structures of fuzzy logic understood as many valued logic sui generis. Some important systems of real-valued propositional and predicate calculus are defined and investigated. The aim is to show that fuzzy logic as a logic of imprecise (vague) propositions does have well-developed formal foundations and that most things usually named `fuzzy inference' can be naturally understood as logical deduction. There are two main groups of intended readers. First, logicians: they can see that fuzzy logic is indeed a branch of logic and may find several very interesting open problems. Second, equally important, researchers involved in fuzzy logic applications and soft computing. As a matter of fact, most of these are not professional logicians so that it can easily happen that an application, clever and successful as it may be, is presented in a way which is logically not entirely correct or may appear simple-minded. (Standard presentations of the logical aspects of fuzzy controllers are the most typical example.) This fact would not be very important if only the bon ton of logicians were harmed; but it is the opinion of the author (who is a mathematical logician) that a better understanding of the strictly logical basis of fuzzy logic (in the usual broad sense) is very useful for fuzzy logic appliers since if they know better what they are doing, they may hope to do it better. In addition, a better mutual understanding between (classical) logicians and researchers in fuzzy logic, promises to lead to deeper cooperation and new results.},
    author = {H\'{a}jek, Petr},
    citeulike-article-id = {681859},
    citeulike-linkout-0 = {http://www.amazon.ca/exec/obidos/redirect?tag=citeulike09-20&amp;path=ASIN/1402003706},
    citeulike-linkout-1 = {http://www.amazon.de/exec/obidos/redirect?tag=citeulike01-21&amp;path=ASIN/1402003706},
    citeulike-linkout-2 = {http://www.amazon.fr/exec/obidos/redirect?tag=citeulike06-21&amp;path=ASIN/1402003706},
    citeulike-linkout-3 = {http://www.amazon.co.uk/exec/obidos/ASIN/1402003706/citeulike00-21},
    citeulike-linkout-4 = {http://www.amazon.com/exec/obidos/redirect?tag=citeulike07-20&path=ASIN/1402003706},
    citeulike-linkout-5 = {http://www.worldcat.org/isbn/1402003706},
    citeulike-linkout-6 = {http://books.google.com/books?vid=ISBN1402003706},
    citeulike-linkout-7 = {http://www.amazon.com/gp/search?keywords=1402003706&index=books&linkCode=qs},
    citeulike-linkout-8 = {http://www.librarything.com/isbn/1402003706},
    day = {30},
    howpublished = {Paperback},
    isbn = {1402003706},
    keywords = {fuzzy\_logic, math},
    month = {November},
    posted-at = {2006-06-02 18:02:49},
    priority = {2},
    publisher = {Springer},
    title = {Metamathematics of Fuzzy Logic (Trends in Logic)},
    url = {http://www.amazon.com/exec/obidos/redirect?tag=citeulike07-20&path=ASIN/1402003706},
    year = {2001}
}

@MISC {HaTUW,
 author = {Petr H\'{a}jek},
 title = {Lectures on fuzzy logic},
 year = {1994},
 howpublished = {Technical University Vienna}
 }

@MISC {UPreA,
 author={UPreA},
 title = {Method for User Preferences Acquisition (tool UPreA)},
 year = {2008},
 howpublished = {http://nazou.fiit.stuba.sk/home/?page=uprea}
 }
 
@article{Z,
author = {{L.A.} Zadeh},
title = {Fuzzy Sets},
journal = {Information Control},
volume = {8},
pages = {338--353},
year = {1965} 
}

@MISC {p1bc,
 author={Wikipedia},
 title = {Inverted pendulum and Fuzzy control system picture From Wikipedia, the free encyclopedia},
 year = {2007},
 howpublished = {http://en.wikipedia.org/wiki/Fuzzy\_control\_system}
 }

@MISC {p1a,
 author={Milan Sonka and Vaclav Hlavac and Roger Boyle},
 title = {Airplane picture},
 year = {1998},
 howpublished = {http://www.icaen.uiowa.edu/\~{}dip/LECTURE/}
 }

@INBOOK  {Ha2,
 author={Petr H\'{a}jek},
 title = {A Companion to Philosophical Logic},
 year = {2007},
 pages = {595--605},
 publisher = {Blackwell Publishing Ltd},
 chapter = {Why Fuzzy Logic?}
 }

@MISC {Li,
 author={Wikipedia},
 title = {Likert scale},
 year = {2009},
 howpublished = {http://en.wikipedia.org/wiki/Likert\_scale}
 }

@MISC {KW,
 author={Wikipedia},
 title = {Kendall tau rank correlation coefficient},
 year = {2009},
 howpublished = {http://en.wikipedia.org/wiki/Kendall\_tau\_rank\_correlation\_coefficient}
 }
