@article{art1,
author="First Last",
title="A fictitious journal article",
year=1900,
journal="Journal of nothingness",
volume=2,
pages="1-2"}

@book{boo1,
author="Respectable Writer",
title="A silly book",
year=2000,
publisher="PublishCo",
address="Somewhere"}


@phdthesis{ caophd, 
  author = {{Cao-Van},Kim},
  title = {Supervised Ranking, from semantics to algorithms},
  school = {Ghent University},
  year = {2003},
  type = {Ph.{D}. dissertation},
  url = {citeseer.ist.psu.edu/652072.html} }
  
@article{ domingos97optimality,
    author = "Pedro Domingos and Michael J. Pazzani",
    title = "On the Optimality of the Simple Bayesian Classifier under Zero-One Loss",
    journal = "Machine Learning",
    volume = "29",
    number = "2-3",
    pages = "103-130",
    year = "1997",
    url = "citeseer.ist.psu.edu/domingos97optimality.html" }

@article{ muggleton94inductive,
    author = "Stephen Muggleton and Luc De Raedt",
    title = "Inductive Logic Programming: Theory and Methods",
    journal = "Journal of Logic Programming",
    volume = "19/20",
    pages = "629-679",
    year = "1994",
    url = "citeseer.ist.psu.edu/muggleton94inductive.html" }



@article{ kifer92theory,
    author = "Michael Kifer and V. S. Subrahmanian",
    title = "Theory of Generalized Annotated Logic Programming and its Applications",
    journal = "Journal of Logic Programming",
    volume = "12",
    number = "3 and 4",
    pages = "335-367",
    year = "1992",
    url = "citeseer.ist.psu.edu/kifer92theory.html" }
    
    @article{ apolloni98learning,
    author = "Bruno Apolloni and Giacomo Zamponi and Anna Maria Zanaboni",
    title = "Learning fuzzy decision trees",
    journal = "Neural Networks",
    volume = "11",
    number = "5",
    pages = "885--895",
    year = "1998",
    url = "citeseer.ist.psu.edu/apolloni96learning.html" }
    
    
@article{Quinlan,
 author = {J. R. Quinlan},
 title = {Induction of Decision Trees},
 journal = {Mach. Learn.},
 volume = {1},
 number = {1},
 issn = {0885-6125},
 year = {1986}, 
 pages = {81--106},
 doi = {http://dx.doi.org/10.1023/A:1022643204877},
 publisher = {Kluwer Academic Publishers},
 address = {Hingham, MA, USA},
 }
 
 @inproceedings{Kiessling,
 author = {Stefan Holland and Martin Ester and Werner Kießling},
 title = {Preference Mining: A Novel Approach on Mining User Preferences for Personalized Applications},
 booktitle = {Knowledge Discovery in Databases: PKDD 2003},
 year = {2003},
 isbn = {978-3-540-20085-7},
 pages = {204-216},
 publisher = {Springer Berlin / Heidelberg},
 }
 
 @inproceedings{Kiessling2,
 author = {Werner Kießling},
 title = {Foundations of preferences in database systems},
 booktitle = {VLDB '02: Proceedings of the 28th international conference on Very Large Data Bases},
 year = {2002},
 pages = {311--322},
 location = {Hong Kong, China},
 publisher = {VLDB Endowment},
 }
 
 
 @inproceedings{Hartmann,
 author = {Jan Hartmann and Alistair Sutcliffe and Antonella De Angeli},
 title = {Investigating attractiveness in web user interfaces},
 booktitle = {CHI '07: Proceedings of the SIGCHI conference on Human factors in computing systems},
 year = {2007},
 isbn = {978-1-59593-593-9},
 pages = {387--396},
 location = {San Jose, California, USA},
 doi = {http://doi.acm.org/10.1145/1240624.1240687},
 publisher = {ACM},
 address = {New York, NY, USA},
 }


 @inproceedings{URSW,
 author = {Alan Eckhardt and Tomáš Horváth and Dušan Maruščák and Róbert Novotný and Peter Vojtáš},
 title = {Uncertainty Issues in Automating Process Connecting Web and User},
 booktitle = {In Proceedings of the URSW Workshop, ISWC2007},
 year = {2007},
 location = {Busan, Korea},
 }
 
 
@phdthesis{ MaruscakDiplomka, 
  author = {D. Maruščák},
  title = {Maping and mining ontologies with user preferences, In Czech},
  school = {Charles University},
  year = {at Charles University, Czech Republic, 2007},

  type = {Master Thesis},
   }



 
 @article{Kelly,
 author = {Diane Kelly and Jaime Teevan},
 title = {Implicit feedback for inferring user preference: a bibliography},
 journal = {SIGIR Forum},
 volume = {37},
 number = {2},
 year = {2003},
 issn = {0163-5840},
 pages = {18--28},
 doi = {http://doi.acm.org/10.1145/959258.959260},
 publisher = {ACM},
 address = {New York, NY, USA},
 }
 
@Article{SungYoungJung,
   author =   "Sung Young Jung and Jeong-Hee Hong and Taek-Soo Kim",
   title =   "A statistical model for user preference", 
   journal =   "Knowledge and Data Engineering, IEEE Transactions on",
   month = "June",
   year = "2005",
   pages =   "834- 843",
   number = "6",
   volume =   "17",
}

@InProceedings {VojtasVomlelova,
   author =   "Peter Vojtá‘ and Marta Vomlelová",
   title =   "On models of comparison of multiple monotone classifications",
   booktitle  =   "In proceedings of IPMU'2006",
   year = "2006",
   editor = "B. Bouchon-Meunier and R. R. Yager",
   pages =   "1236-1243",
   publisher = "Éditions EDK, Paris, 2006 ISBN : 2-84254-112-X",
}


@InProceedings {SuJeongKo,
   author =   "SuJeong Ko and JungHyun Lee",
   title =   "User Preference Mining through Collaborative Filtering and Content Based Filtering in Recommender System",
   booktitle  =   "	E-Commerce and Web Technologies: Third International Conference, EC-Web 2002, Aix-en-Provence, France, September 2-6, 2002. Proceedings",
   year = "2002",
   pages =   "244",
   publisher = "Springer Berlin / Heidelberg",
}
@misc{ marlin04collaborative,
  author = "B. Marlin",
  title = "Collaborative filtering: A machine learning perspective",
  text = "B. Marlin. Collaborative filtering: A machine learning perspective. Master's
    thesis, University of Toronto, 2004.",
  year = "2004",
   publisher = "Master's thesis, University of Toronto",
  url = "citeseer.ist.psu.edu/marlin04collaborative.html" }
  
@misc{ heckerman95tutorial,
  author = "D. Heckerman",
  title = "A tutorial on learning with bayesian networks",
  text = "David Heckerman. A tutorial on learning with bayesian networks. Technical
    Report MSR-TR-95-06, Microsoft Research, Redmond, Washington, 1995. Revised
    June 96.",
  year = "1995",
  url = "citeseer.ist.psu.edu/heckerman96tutorial.html" }

@misc{ OzturkTsoukias2,
  author = "Meltem Ozturke and Alexis Tsoukias",
  title = "Modelling uncertain positive and negative reasons in decision aiding",}
  
@misc{ StefanHolland,
  author = "Stefan Holland and Martin Ester and Werner Kießling",
  title = "Preference Mining: A Novel Approach on Mining User Preferences for Personalized Applications", 
  publisher = "Springer Berlin / Heidelberg",
   volume = " Volume 2838/2003",
   booktitle  =   "Knowledge Discovery in Databases: PKDD 2003",
   year = "2003",
   pages =   "204-216",
}

@InProceedings{ MichalBarla,
  author = "Michal Barla",
  title = "Estimation of User Characteristics from Logs of User Activity", 
  publisher = "Slovak University of Technology, Bratislava",
   booktitle  =   "Tools for Acquisition, Organisation and Presenting of Information and Knowledge",
   editor = "Pavol Návrat and Pavol Barto‘ and Mária Bieliková and Ladislav Hluchý and Peter Vojtá‘",
   year = "2006",
   pages =   "175-181",
}

@InProceedings{ LinDeng,
  author = "Lin Deng and Wilfred Ng and Xiaoyong Chai and Dik-Lun Lee",
  title = "Spying Out Accurate User Preferences for Search Engine Adaptation", 
  publisher = "Springer Berlin / Heidelberg",
   volume = " Volume 3932/2006",
   booktitle  =   "	Advances in Web Mining and Web Usage Analysis",
   year = "2006",
   pages =   "	87-103",
}


@InProceedings {EHVSum,
  author = "A. Eckhardt and T. Horváth and P. Vojtáš",
  title = "Learning Different User Profile Annotated Rules for Fuzzy Preference Top-k Querying", 
   booktitle  =   "In proceedings of Scalable Uncertainty Management (SUM’07)",
   year = "2007",
   editor = "H. Prade V.S. Subrahmanian",
   pages =   "116-130",
   publisher = "Springer-Verlag 2007 ISSN 0302-9743",
}


@InProceedings {FuzzIEEE,
  author = "A. Eckhardt and J. Pokorný and P. Vojtáš",
  title = "A system recommending top-k objects for multiple users preferences", 
   booktitle  =   "In proceedings of of International Conference on Fuzzy Systems (FUZZ-IEEE)",
   year = "2007",
   pages =   "1101-1106",
   publisher = "London, England IEEE 2007 ISSN: 1098-7584",
}



@InProceedings {EHVWI07,
  author = "A. Eckhardt and T. Horváth and P. Vojtáš",
  title = "PHASES: A User Profile Learning Approach for Web Search", 
   booktitle  =   "In proceedings of 2007 IEEE/WIC/ACM International Conference on Web Intelligence (WI 2007)",
   year = "2007",
   editor = "T.Y. Lin et al Eds.",
   pages =   "780-783",
   publisher = "IEEE computer society Los Alamitos, California, Washington, Tokyo 2007 ISBN 0-7695-3026-5/07",
}



@InProceedings {Fagin,
  author = "R. Fagin and A. Lotem and M. Naor",
  title = "Optimal Aggregation Algorithms for Middleware", 
   booktitle  =   "In proceedings of Twentieth ACM Symposium on Principles of Database Systems, 2001 (PODS 2001)",
   year = "2001",
   pages =   "102-113",
   publisher = "ACM",
}



@inproceedings{ThorstenJoachims,
 author = {Thorsten Joachims},
 title = {Optimizing search engines using clickthrough data},
 booktitle = {KDD '02: Proceedings of the eighth ACM SIGKDD international conference on Knowledge discovery and data mining},
 year = {2002},
 isbn = {1-58113-567-X},
 pages = {133--142},
 location = {Edmonton, Alberta, Canada},
 doi = {http://doi.acm.org/10.1145/775047.775067},
 publisher = {ACM Press},
 address = {New York, NY, USA},
 }
 
@inproceedings{EugeneAgichtein,
 author = {Eugene Agichtein and Eric Brill and Susan Dumais},
 title = {Improving web search ranking by incorporating user behavior information},
 booktitle = {SIGIR '06: Proceedings of the 29th annual international ACM SIGIR conference on Research and development in information retrieval},
 year = {2006},
 isbn = {1-59593-369-7},
 pages = {19--26},
 location = {Seattle, Washington, USA},
 doi = {http://doi.acm.org/10.1145/1148170.1148177},
 publisher = {ACM Press},
 address = {New York, NY, USA},
 }

@inproceedings{ThorstenJoachims2,
 author = {Thorsten Joachims and Laura Granka and Bing Pan and Helene Hembrooke and Geri Gay},
 title = {Accurately interpreting clickthrough data as implicit feedback},
 booktitle = {SIGIR '05: Proceedings of the 28th annual international ACM SIGIR conference on Research and development in information retrieval},
 year = {2005},
 isbn = {1-59593-034-5},
 pages = {154--161},
 location = {Salvador, Brazil},
 doi = {http://doi.acm.org/10.1145/1076034.1076063},
 publisher = {ACM Press},
 address = {New York, NY, USA},
 }
 
@inproceedings{QiankunZhao,
 author = {Qiankun Zhao and Steven C. H. Hoi and Tie-Yan Liu and Sourav S. Bhowmick and Michael R. Lyu and Wei-Ying Ma},
 title = {Time-dependent semantic similarity measure of queries using historical click-through data},
 booktitle = {WWW '06: Proceedings of the 15th international conference on World Wide Web},
 year = {2006},
 isbn = {1-59593-323-9},
 pages = {543--552},
 location = {Edinburgh, Scotland},
 doi = {http://doi.acm.org/10.1145/1135777.1135858},
 publisher = {ACM Press},
 address = {New York, NY, USA},
 }
 
 
@inproceedings{BernardoMagnini,
 author = {Bernardo Magnini and Carlo Strapparava},
 title = {Improving User Modelling with Content-Based Techniques},
 booktitle = {	User Modeling 2001: 8th International Conference, UM 2001, Sonthofen, Germany, July 13-17, 2001, Proceedings},
 year = {2001},
 issn = {	0302-9743},
 pages = {74},
 publisher = {Springer Berlin / Heidelberg},
 }
 
  
 @article{Goldberg,
 author = {David Goldberg and David Nichols and Brian M. Oki and Douglas Terry},
 title = {Using collaborative filtering to weave an information tapestry},
 journal = {Commun. ACM},
 volume = {35},
 number = {12},
 year = {1992},
 issn = {0001-0782},
 pages = {61--70},
 doi = {http://doi.acm.org/10.1145/138859.138867},
 publisher = {ACM Press},
 address = {New York, NY, USA},
 }
 

@misc{ radlinski,
  author = "Filip Radlinski and Thorsten Joachims",
  title = "Evaluating the Robustness of Learing from Implicit Feedback",
  }
@misc{ WordNet,
  author = "C. Fellbaum",
  title = "WordNet. An Electronic Lexical Database.",
   year = "1998",
 publisher = "The MIT Press",
  }
  
@Book{EckhardtDP,
   author =   "Alan Eckhardt", 
   title =   "Methods for finding best answer with different user preferences, In Czech only", 
   publisher =   "Master's thesis, Charles University in Prague",
   year =   "2006"
} 
@Book{Ozturk,
   author =   "Meltem Ozturke and Alexis Tsoukias and Philippe Vincke", 
   title =   "Preference modelling. Multiple Criteria Decision Analysis: State of the Art Surveys", 
   publisher =   "Springer New York",
   year =   "2006"
}

@Book{CorradoGini,
   author =   "Corrado Gini", 
   title =   "Variabilita e mutabilita (Variability and Mutability)", 
   year =   "1912"
}
 
@Book{Breiman,
   author =   "L. Breiman and J.H. Friedman and R.A. Olshen and C.J. Stone", 
   title =   "Classification and Regression Trees", 
   publisher =   "Chapman \& Hall, New York",
   year =   "1993"
}
 
@article{ZeshuiXu,
 author = {Zeshui Xu},
 title = {On Compatibility of Interval Fuzzy Preference Relations},
 journal = {Fuzzy Optimization and Decision Making},
 volume = {3},
 number = {3},
 year = {2004},
 pages = {217--225},
 doi = {http://dx.doi.org/10.1023/B:FODM.0000036864.33950.1b},
 publisher = {Kluwer Academic Publishers},
 address = {Hingham, MA, USA},
 }
 
@misc{jester,
   author =   "Ken Goldberg", 
  title = "Jester data set,http://www.ieor.berkeley.edu/~goldberg/jester-data/",
  url = "http://www.ieor.berkeley.edu/~goldberg/jester-data/" }
    
@misc{movieLens,
  title = "MovieLens data set, http://www.grouplens.org/taxonomy/term/14",

  url = "http://www.grouplens.org/taxonomy/term/14" }
  
@misc{books,
   author =   "Cai-Nicolas Ziegler", 
  title = "Book-Crossing data set, http://www.informatik.uni-freiburg.de/~cziegler/BX/",
  url = "http://www.informatik.uni-freiburg.de/~cziegler/BX/" }
  
@misc{kdd,
  title = "ACM SIGKDD, http://www.acm.org/sigs/sigkdd/" }
  
@misc{CoFE,
  title = "CoFE engine, http://eecs.oregonstate.edu/iis/CoFE/" }
  
@misc{taste,
  title = "Taste engine, http://taste.sourceforge.net/" }
  
@misc{tokaf,
  title = "Sources and libraries of Tokaf system. http://sourceforge.net/projects/tokaf/" }
  
@misc{yahoo,
  title = "Yahoo search engine. http://www.yahoo.com" }
  
@misc{google,
  title = "Google search engine. http://www.google.com" }
  
@misc{sesame,
  title = "Sesame, RDF database. http://www.openrdf.org/" }
  
@misc{jena,
  title = "Jena, RDF database. http://jena.sourceforge.net/" }
  
@misc{mysql,
  title = "MySQL, relational database. http://mysql.com/" }
  
@misc{RDF,
  title = "RDF data format. http://www.w3.org/TR/rdf-primer/" }
  
  
@misc{OWL,
  title = "OWL, Ontology Web Language . http://www.w3.org/TR/owl-features/" }
  
@misc{ anle97deduction,
  author = "R. anle and G. Escalada-Imaz",
  title = "Deduction in many-valued logics: a survey",
  text = "Reiner H anle and Gonzalo Escalada-Imaz. Deduction in many-valued logics:
    a survey. Mathware and Soft Computing, IV(2):69--97, 1997.",
  year = "1997",
  journal = "Mathware and Soft Computing, IV(2)",
  pages = "69--97",
  url = "citeseer.ist.psu.edu/anle97deduction.html" }

@inproceedings{EckhardtVojtas,
 author = {Alan Eckhardt and Peter Vojtas},
 title = {Uzivatelske preference pri hledani ve webovskych zdrojich},
 booktitle = {Znalosti 2007, Proceedings of the 6th annual conference},
 year = {2007},
 isbn = {978-80-248-1279-3},
 pages = {179--190},
 publisher = {Fakulta elektrotechniky a informatiky, VŠB},
 }
 
 
