@article{ biblio:Pavelka,
author = {Jan Pavelka},
title = {On fuzzy logic I, II, III},
journal = {Zeitschr. Math. Logik und Grundl. Math.},
volume = {25},
year = {1979},
pages = {45–52, 119–134, 447–464},
}

@book{ biblio:Hajek,
title = {Metamathematics of Fuzzy Logic},
author = {Petr H\'ajek},
publisher = {Kluwer},
year = {1998},
}

@article{ biblio:CAP,
author = {Miao Chong and Ajith Abraham and Marcin Paprzycki},
title = {Traffic Accident Analysis Using Machine Learning Paradigms},
journal = {Informatica},
volume = {29},
year = {2005},
pages = {89-98},
}

@article{ biblio:KLV,
author = {Stanislav Krajci and Rastislav Lencses and Peter Vojtas},
title = {A comparison  of fuzzy and annotated logic programming},
journal = {Fuzzy Sets and Systems},
volume = {144},
year = {2004},
pages = {173-192},
publisher = {Elsevier},
}

@article{ biblio:ReYaLiOntoText08,
author = {Marek Reformat and Ronald R. Yager and Zhan Li},
title = {Ontology Enhanced Concept Hierarchies for Text Identification},
journal = {Journal Semantic Web Information Systems},
volume = {4},
number = {3},
year = {2008},
issn = {1552-6283},
pages = {16-43},
publisher = {IGI Publishing},
address = {Hershey, PA, USA},
}

@inproceedings{ biblio:KlTransformationBasedTectogrammatical2006,
	title = {Transformation-Based Tectogrammatical Analysis of Czech},
	author = {V\'{a}clav Klime\v{s}},
	year = {2006},
	pages = {135--142},
	crossref = {biblio:9thConference2006},
	booktitle = {Proceedings of the 9th International Conference, {TSD} 2006},
}

@proceedings{ biblio:9thConference2006,
	title = {Lecture Notes in Computer Science, Proceedings of the 9th International Conference, {TSD} 2006},
	year = {2006},
	publisher = {Springer-Verlag Berlin Heidelberg},
	venue = {Text, Speech and Dialog Conference, Brno, Czech rep.},
	number = {4188},
	issn = {0302-9743},
	series = {Lecture Notes In Computer Science},
}

@inproceedings{ biblio:MiNetgraphA2006,
	title = {Netgraph: A Tool for Searching in Prague Dependency Treebank 2.0},
	author = {Ji\v{r}\'{i} M\'{i}rovsk\'{y}},
	year = {2006},
	number = {5},
	pages = {211--222},
	crossref = {biblio:HaNiFifthTreebanks2006},
	booktitle = {Proceedings of the Fifth Workshop on Treebanks and Linguistic Theories ({TLT})},
}

@BOOK{dzeroski2001:relat_dm,
	address = {Berlin},
	citeulike-article-id = {3408842},
	editor = {Dzeroski, Saso and Lavrac, Nada  },
	posted-at = {2008-10-15 13:46:08},
	priority = {2},
	publisher = {Springer},
	title = {Relational Data Mining},
	url = {http://www-ai.ijs.si/SasoDzeroski/RDMBook/},
	year = {2001}
}

	

@article{biblio:Muggleton,
  author    = {Stephen Muggleton},
  title     = {Inductive Logic Programming},
  journal   = {New Generation Comput.},
  volume    = {8},
  number    = {4},
  year      = {1991},
  pages     = {295-},
  bibsource = {DBLP, http://dblp.uni-trier.de}
}
@inproceedings{biblio:Muggleton2,
  author    = {Stephen Muggleton},
  title     = {Learning from Positive Data},
  booktitle = {Inductive Logic Programming Workshop},
  year      = {1996},
  pages     = {358-376},
  crossref  = {DBLP:conf/ilp/1996},
  bibsource = {DBLP, http://dblp.uni-trier.de}
}


@proceedings{ biblio:HaNiFifthTreebanks2006,
	title = {Proceedings of the Fifth Workshop on Treebanks and Linguistic Theories ({TLT})},
	editor = {Jan Haji\v{c} and Joakim Nivre},
	year = {2006},
	institution = {\'{U}{FAL} {MFF} {UK}},
	address = {Prague, Czech rep.},
	isbn = {80-239-8009-2},
}


@MASTERSTHESIS{ biblio:DedekSemAnot2007,
	title = {Semantic annotation of data from web resources (in Czech)},
	author = {Jan D\v{e}dek},
	year = {2007},
	school = {Faculty of Mathematics and Physics, Charles University},
	address = {Prague, Czech rep.},
}

@Misc{ biblio:RDFa,
	author = {W3C},
	title  ={RDFa Primer},
	year = {2007},
  url = {http://www.w3.org/TR/xhtml-rdfa-primer/}
}

@Misc{ biblio:OWL,
	author = {W3C},
	title  ={OWL Web Ontology Language Guide},
	year = {2004},
  url = {http://www.w3.org/TR/owl-guide/}
}

@article{ biblio:Survey_of_Web_Information_Extraction_Systems,
author = {Chia-Hui Chang and Mohammed Kayed and Moheb Ramzy Girgis and Khaled F. Shaalan},
title = {A Survey of Web Information Extraction Systems},
journal = {IEEE Transactions on Knowledge and Data Engineering},
volume = {18},
number = {10},
year = {2006},
issn = {1041-4347},
pages = {1411-1428},
doi = {http://doi.ieeecomputersociety.org/10.1109/TKDE.2006.152},
publisher = {IEEE Computer Society},
address = {Los Alamitos, CA, USA},
}

@Misc{ biblio:PDT20_CD,
	Author = {Jan Haji{\v{c}} and Eva Haji{\v{c}}ov{\'{a}} and Jaroslava Hlav{\'{a}}{\v{c}}ov{\'{a}} and V\'{a}clav Klime\v{s} and Ji\v{r}\'{i} M\'{i}rovsk\'{y} and Petr Pajas and Jan {\v{S}}t{\v{e}}p{\'{a}}nek and Barbora Vidov{\'{a}}-Hladk{\'{a}} and Zden{\v{e}}k {\v{Z}}abokrtsk{\'{y}}},
	Title = {Prague Dependency Treebank 2.0 CD­-ROM},
	Year = {2006},
	Address = {Philadelphia},
	Publisher = {Linguistic Data Consortium LDC2006T01},
	Howpublished = {Linguistic Data Consortium LDC2006T01, Philadelphia 2006}
}


@ARTICLE{ biblio:WordNetCZ2004,
   author = {Karel Pala and Pavel Smr{\v{z}}},
   title = {Building Czech Wordnet},
   pages = {79--88},
   journal = {Romanian Journal of Information Science and Technology},
   volume = {2004},
   number = {7},
   year = {2004},
   location = {Budapest, RO},
   language = {english},
   url = {http://www.fit.vutbr.cz/research/view_pub.php?id=7682}
}

@techreport{ biblio:MiBeAnnotationtectogrammatical2006,
	title = {Annotation on the tectogrammatical level in the Prague Dependency Treebank. Annotation manual},
	author = {Marie Mikulov\'{a} and Alevtina B\'{e}mov\'{a} and Jan Haji\v{c} and Eva Haji\v{c}ov\'{a} and Ji\v{r}\'{i} Havelka and Veronika Kol\'{a}\v{r}ov\'{a} and Lucie Ku\v{c}ov\'{a} and Mark\'{e}ta Lopatkov\'{a} and Petr Pajas and Jarmila Panevov\'{a} and Magda Raz\'{i}mov\'{a} and Petr Sgall and Jan \v{S}t\v{e}p\'{a}nek and Zde\v{n}ka Ure\v{s}ov\'{a} and Kate\v{r}ina Vesel\'{a} and Zden\v{e}k \v{Z}abokrtsk\'{y}},
	year = {2006},
	institution = {\'{U}{FAL} {MFF} {UK}},
	address = {Prague, Czech Rep.},
	number = {30},
}

@ARTICLE{ biblio:AdidaClickable,
  title = {Bridging the Clickable and Semantic Webs with RDFa},
  author = {Ben Adida},
  journal = {ERCIM News - Special: The Future Web},
  pages = {24--25},
  volume = {72},
  year = {2008},
  url = {http://ercim-news.ercim.org/content/view/334/528/},
  month = {January},
}

@ARTICLE{ biblio:LeeWebThings,
  title = {The Web of Things},
  author = {Tim Berners-Lee},
  journal = {ERCIM News - Special: The Future Web},
  pages = {3},
  volume = {72},
  year = {2008},
  url = {http://ercim-news.ercim.org/content/view/343/533/},
  month = {January},
}

@article{biblio:feigenbaum_semantic_2007,
	title = {The Semantic Web in Action},
	author = {Lee Feigenbaum and Ivan Herman and Tonya Hongsermeier and Eric Neumann and Susie Stephens},
	journal = {Scientific American},
	month = {December},
	pages = {90-97},
	volume = {297},
	year = {2007},
	biburl = {http://www.bibsonomy.org/bibtex/2bc4435f9022e2b75af4a964a11f32293/ivan_herman},
	keywords = {myown semanticweb standards },
	url = {http://thefigtrees.net/lee/sw/sciam/semantic-web-in-action}
}

@ARTICLE{ biblio:2001-Berners-Lee-SemanticWeb,
   PAGES        = "34-43",
   JOURNAL      = "Scientific American",
   TITLE        = "The Semantic Web, A new form of Web content that is meaningful to computers will unleash a revolution of new possibilities",
   MONTH        = "May",
   YEAR         = "2001",
   VOLUME       = "284",
   CODE         = "basvg.066",
   AUTHOR       = "Tim Berners-Lee and James Hendler and Ora Lassila",
   NUMBER       = "5"
}
          
          
          
@inProceedings{ biblio:collinshbrt_1999,
      author = {Michael Collins and Jan Haji\v{c} and Eric Brill and Lance Ramshaw and Christoph Tillmann},
      title = "{A Statistical Parser of Czech}",
      pages = {505--512},
      booktitle = {Proceedings of 37th ACL Conference},
      address = {University of Maryland, College Park, USA},
      year = 1999
} 


@inProceedings{ biblio:HajicMorfTag,
Author = {Jan Haji{\v{c}}},
Title = "{Morphological Tagging: Data vs. Dictionaries}",
BookTitle = {Proceedings of the 6th Applied Natural Language Processing
and the 1st NAACL Conference},
Pages = {94--101},
Address = {Seattle, Washington},
Year = {2000}
}

@inProceedings{  biblio:AlyticAsign,
Author = {Petr Sgall and Zden{\v{e}}k {\v{Z}}abokrtsk{\'y} and
Sa{\v{s}}o D{\v{z}}eroski},
Title = "{A Machine Learning Approach to Automatic Functor Assignment in
the Prague Dependency Treebank}",
BookTitle = {Proceedings of the 3rd International Conference on Language
Resources and Evaluation},
Volume = {5},
Pages = {1513--1520},
Publisher = {European Language Resources Association},
Editor = {R. M. Rodr{\'i}guez and C. Paz Su{\'a}rez Araujo},
Year = {2002}
}


@inproceedings{ biblio:DeEcDiscussionUncertainty2008,
title = {Discussion on Uncertainty Ontology for Annotation and Reasoning (a position paper)},
author = {Jan D{\v{e}}dek and Alan Eckhardt and Leo Galambo{\v{s}} and Peter Vojt{\'{a}}{\v{s}}},
year = {2008},
crossref = {biblio:daURSW082008},
booktitle = {{URSW} '08 Uncertainty Reasoning for the Semantic Web - Volume 4},
}

@proceedings{ biblio:daURSW082008,
title = {{URSW} '08 Uncertainty Reasoning for the Semantic Web - Volume 4},
editor = {P. C. G. da Costa},
year = {2008},
publisher = {The 7th International Semantic Web Conference},
}

@inbook{ biblio:EcHoUncertaintyIssues2008,
title = {Uncertainty Issues and Algorithms in Automating Process Connecting Web and User},
author = {Alan Eckhardt and T. Horv{\'{a}}th and D. Maru{\v{s}}{\v{c}}{\'{a}}k and R. Novotn{\'{y}} and Peter Vojt{\'{a}}{\v{s}}},
year = {2008},
publisher = {Springer Verlag},
series = {Lecture Notes in Computer Science},
volume = {5327},
isbn = {978-3-540-89764-4},
}

@inproceedings{ biblio:DoTySemanticWeb2007,
title = {Semantic Web Infrastructure},
author = {Ji{\v{r}}{\'{i}} Dokulil and Jaroslav Tykal and Jakub Yaghob and Filip Zavoral},
year = {2007},
pages = {209--215},
crossref = {biblio:KeFirstIEEE2007},
booktitle = {First {IEEE} International Conference on Semantic Computing},
}

@proceedings{ biblio:KeFirstIEEE2007,
title = {First {IEEE} International Conference on Semantic Computing},
editor = {Patrick Kellenberger},
year = {2007},
publisher = {{IEEE} Computer Society},
address = {Los Alamitos, California},
venue = {Irvine, California},
isbn = {978-0-7695-2997-4},
}

@inproceedings{ biblio:EcHoLearningdifferent2007,
title = {Learning different user profile annotated rules for fuzzy preference top-k querying},
author = {Alan Eckhardt and T. Horv{\'{a}}th and Peter Vojt{\'{a}}{\v{s}}},
year = {2007},
pages = {116--130},
crossref = {biblio:PrSuConferenceScalable2007},
booktitle = {International Conference on Scalable Uncertainty Management},
}

@proceedings{ biblio:PrSuConferenceScalable2007,
title = {International Conference on Scalable Uncertainty Management},
editor = {H. Prade and V. Subrahmanian},
year = {2007},
publisher = {Springer Berlin / Heidelberg},
address = {Washington {DC}, {USA}},
volume = {4772},
isbn = {978-3-540-75407-7},
issn = {0302-9743},
series = {Lecture Notes In Computer Science},
}


@inproceedings{ biblio:Embley02automaticallyextracting,
 author = {David W. Embley and Cui Tao and Stephen W. Liddle},
 title = {Automatically Extracting Ontologically Specified Data from HTML Tables of Unknown Structure},
 booktitle = {ER '02: Proceedings of the 21st International Conference on Conceptual Modeling},
 year = {2002},
 isbn = {3-540-44277-4},
 pages = {322--337},
 publisher = {Springer-Verlag},
 address = {London, UK},
 }


@inproceedings{ biblio:DeEcExperimentswith2008,
title = {Experiments with Czech Linguistic Data and {ILP}},
author = {Jan D{\v{e}}dek and Alan Eckhardt and Peter Vojt{\'{a}}{\v{s}}},
year = {2008},
pages = {20--25},
crossref = {biblio:ZeLaILP20082008},
booktitle = {{ILP} 2008 (Late Breaking Papers)},
}

@proceedings{ biblio:ZeLaILP20082008,
title = {{ILP} 2008 - Inductive Logic Programming (Late Breaking Papers)},
editor = {Filip {\v{Z}}elezn{\'{y}} and Nada Lavra{\v{c}}},
year = {2008},
publisher = {Action M},
address = {Prague, Czech Republic},
venue = {Prague, Czech Republic},
isbn = {978-80-86742-26-7},
}


@book{ biblio:WebDataMining,
title = {Web Data Mining},
author = {Bing Liu},
publisher = {Springer-Verlag},
url = {http://dx.doi.org/10.1007/978-3-540-37882-2},
year = {2007},
description = {SpringerLink - Book},
isbn = {978-3-540-37881-5},
keywords = {data mining web }
} 

@article{ biblio:Chang2006,
	author = {Chang, Chia-Hui   and Kayed, M.  and Girgis, M. R.  and Shaalan, K. F. },
	booktitle = {Knowledge and Data Engineering, IEEE Transactions on},
	citeulike-article-id = {1758402},
	journal = {Knowledge and Data Engineering, IEEE Transactions on},
	keywords = {information\_extraction, survey, web},
	number = {10},
	pages = {1411--1428},
	posted-at = {2008-04-29 17:47:48},
	priority = {3},
	title = {A Survey of Web Information Extraction Systems},
	url = {http://ieeexplore.ieee.org/xpls/abs\_all.jsp?arnumber=1683775},
	volume = {18},
	year = {2006}
}

@inproceedings{biblio:MUC6,
 author = {Ralph Grishman and Beth Sundheim},
 title = {Message Understanding Conference-6: a brief history},
 booktitle = {Proceedings of the 16th conference on Computational linguistics},
 year = {1996},
 pages = {466--471},
 location = {Copenhagen, Denmark},
 doi = {http://dx.doi.org/10.3115/992628.992709},
 publisher = {Association for Computational Linguistics},
 address = {Morristown, NJ, USA},
 }
 
@ARTICLE{biblio:Muggleton94inductivelogic,
    author = {Stephen Muggleton and Luc de Raedt},
    title = {Inductive logic programming: Theory and methods},
    journal = {Journal of Logic Programming},
    year = {1994},
    volume = {19},
    pages = {629--679}
}

@ARTICLE{biblio:FILP,
 author = {Horv\'{a}th,, Tom\'{a}\v{s} and Vojt\'{a}\v{s},, Peter},
 title = {Induction of Fuzzy and Annotated Logic Programs},
 journal = {ILP: 16th International Conference, ILP 2006, Santiago de Compostela, Spain, August 24-27, 2006, Revised Selected Papers},
 year = {2007},
 isbn = {978-3-540-73846-6},
 pages = {260--274},
 doi = {http://dx.doi.org/10.1007/978-3-540-73847-3_27},
 publisher = {Springer-Verlag},
 address = {Berlin, Heidelberg},
 }

@inproceedings{ biblio:DeVoLinguisticextraction2008,
title = {Linguistic extraction for semantic annotation},
author = {Jan D{\v{e}}dek and Peter Vojt{\'{a}}{\v{s}}},
year = {2008},
pages = {85--94},
crossref = {biblio:BaMa2ndSymposium2008},
booktitle = {2nd International Symposium on Intelligent Distributed Computing},
url = {http://www.springerlink.com/content/w7213j007t416132/},
}

@proceedings{ biblio:BaMa2ndSymposium2008,
title = {2nd International Symposium on Intelligent Distributed Computing},
editor = {Costin Badica and Giuseppe Mangioni and Vincenza Carchiolo and Dumitru Burdescu},
year = {2008},
publisher = {Springer-Verlag},
address = {Catania, Italy},
volume = {162},
isbn = {978-3-540-85256-8},
issn = {1860-949X},
series = {Studies in Computational Intelligence},
}


@article{ biblio:InverseEntailment,
	author = {Muggleton, S. },
	citeulike-article-id = {500601},
	journal = {New Generation Computing, Special issue on Inductive Logic Programming},
	keywords = {ilp},
	number = {3-4},
	pages = {245--286},
	posted-at = {2007-12-18 10:37:17},
	priority = {0},
	publisher = {Ohmsha},
	title = {Inverse Entailment and Progol},
	url = {http://citeseer.ist.psu.edu/muggleton95inverse.html},
	volume = {13},
	year = {1995}
}

@article{ dedek:ReYaLiOntoText08,
author = {Marek Reformat and Ronald R. Yager and Zhan Li},
title = {Ontology Enhanced Concept Hierarchies for Text Identification},
journal = {Journal Semantic Web Information Systems},
volume = {4},
number = {3},
year = {2008},
issn = {1552-6283},
pages = {16-43},
publisher = {IGI Publishing},
address = {Hershey, PA, USA},
}

@article{ dedek:CAP,
author = {Miao Chong and Ajith Abraham and Marcin Paprzycki},
title = {Traffic Accident Analysis Using Machine Learning Paradigms},
journal = {Informatica},
volume = {29},
year = {2005},
pages = {89-98},
}

@book{ dedek:WebDataMining,
title = {Web Data Mining},
author = {Bing Liu},
publisher = {Springer-Verlag},
url = {http://dx.doi.org/10.1007/978-3-540-37882-2},
year = {2007},
description = {SpringerLink - Book},
isbn = {978-3-540-37881-5},
keywords = {data mining web }
} 


@Misc{ dedek:PDT20_CD,
	Author = {Jan Haji{\v{c}} and Eva Haji{\v{c}}ov{\'{a}} and Jaroslava Hlav{\'{a}}{\v{c}}ov{\'{a}} and V\'{a}clav Klime\v{s} and Ji\v{r}\'{i} M\'{i}rovsk\'{y} and Petr Pajas and Jan {\v{S}}t{\v{e}}p{\'{a}}nek and Barbora Vidov{\'{a}}-Hladk{\'{a}} and Zden{\v{e}}k {\v{Z}}abokrtsk{\'{y}}},
	Title = {Prague Dependency Treebank 2.0 CD--ROM},
	Year = {2006},
	Address = {Philadelphia},
	Publisher = {Linguistic Data Consortium LDC2006T01},
	Howpublished = {Linguistic Data Consortium LDC2006T01, Philadelphia 2006}
}

@inproceedings{ dedek:KlTransformationBasedTectogrammatical2006,
	title = {Transformation-Based Tectogrammatical Analysis of Czech},
	author = {V\'{a}clav Klime\v{s}},
	year = {2006},
	pages = {135--142},
	crossref = {dedek:9thConference2006},
	booktitle = {Proceedings of the 9th International Conference, {TSD} 2006},
}

@proceedings{ dedek:9thConference2006,
	title = {Lecture Notes in Computer Science, Proceedings of the 9th International Conference, {TSD} 2006},
	year = {2006},
	publisher = {Springer-Verlag Berlin Heidelberg},
	venue = {Text, Speech and Dialog Conference, Brno, Czech rep.},
	number = {4188},
	issn = {0302-9743},
	series = {Lecture Notes In Computer Science},
}

@inproceedings{ dedek:DeVoComputingaggregations2008,
title = {Computing aggregations from linguistic web resources: a case study in {Czech Rep.} sector/traffic accidents},
author = {Jan D{\v{e}}dek and Peter Vojt{\'{a}}{\v{s}}},
year = {2008},
pages = {7--12},
crossref = {dedek:DiSecondConference2008},
booktitle = {2nd International Conference on Advanced Engineering Computing and Applications in Sciences},
url = {http://www2.computer.org/portal/web/csdl/doi/10.1109/ADVCOMP.2008.17},
}

@proceedings{ dedek:DiSecondConference2008,
title = {2nd International Conference on Advanced Engineering Computing and Applications in Sciences},
editor = {Cosmin Dini},
year = {2008},
publisher = {{IEEE} Computer Society},
venue = {Valencia, Spain},
isbn = {978-0-7695-3369-8},
}

@inproceedings{ dedek:DeEcExperimentswith2008,
title = {Experiments with Czech Linguistic Data and {ILP}},
author = {Jan D{\v{e}}dek and Alan Eckhardt and Peter Vojt{\'{a}}{\v{s}}},
year = {2008},
pages = {20--25},
crossref = {dedek:ZeLaILP20082008},
booktitle = {{ILP} 2008 (Late Breaking Papers)},
}

@proceedings{ dedek:ZeLaILP20082008,
title = {{ILP} 2008 - Inductive Logic Programming (Late Breaking Papers)},
editor = {Filip {\v{Z}}elezn{\'{y}} and Nada Lavra{\v{c}}},
year = {2008},
publisher = {Action M},
address = {Prague, Czech Republic},
venue = {Prague, Czech Republic},
isbn = {978-80-86742-26-7},
}

@techreport{ dedek:MiBeAnnotationtectogrammatical2006,
	title = {Annotation on the tectogrammatical level in the Prague Dependency Treebank. Annotation manual},
	author = {Marie Mikulov\'{a} and Alevtina B\'{e}mov\'{a} and Jan Haji\v{c} and Eva Haji\v{c}ov\'{a} and Ji\v{r}\'{i} Havelka and Veronika Kol\'{a}\v{r}ov\'{a} and Lucie Ku\v{c}ov\'{a} and Mark\'{e}ta Lopatkov\'{a} and Petr Pajas and Jarmila Panevov\'{a} and Magda Raz\'{i}mov\'{a} and Petr Sgall and Jan \v{S}t\v{e}p\'{a}nek and Zde\v{n}ka Ure\v{s}ov\'{a} and Kate\v{r}ina Vesel\'{a} and Zden\v{e}k \v{Z}abokrtsk\'{y}},
	year = {2006},
	institution = {\'{U}{FAL} {MFF} {UK}},
	address = {Prague, Czech Rep.},
	number = {30},
}

@inproceedings{ dedek:DeVoLinguisticextraction2008,
title = {Linguistic extraction for semantic annotation},
author = {Jan D{\v{e}}dek and Peter Vojt{\'{a}}{\v{s}}},
year = {2008},
pages = {85--94},
crossref = {dedek:BaMa2ndSymposium2008},
booktitle = {2nd International Symposium on Intelligent Distributed Computing},
url = {http://www.springerlink.com/content/w7213j007t416132/},
}

@proceedings{ dedek:BaMa2ndSymposium2008,
title = {2nd International Symposium on Intelligent Distributed Computing},
editor = {Costin Badica and Giuseppe Mangioni and Vincenza Carchiolo and Dumitru Burdescu},
year = {2008},
publisher = {Springer-Verlag},
address = {Catania, Italy},
volume = {162},
isbn = {978-3-540-85256-8},
issn = {1860-949X},
series = {Studies in Computational Intelligence},
}


@inproceedings{weka:JRip,
    abstract = {Many existing rule learning systems are computationally expensive on large noisy datasets. In this paper we evaluate the recently-proposed rule learning algorithm IREP on a large and diverse collection of benchmark problems. We show that while IREP is extremely efficient, it frequently gives error rates higher than those of C4.5 and C4.5rules. We then propose a number of modifications resulting in an algorithm RIPPERk that is very competitive with C4.5rules with respect to error rates, but much more efficient on large samples. RIPPERk obtains error rates lower than or equivalent to C4.5rules on 22 of 37 benchmark problems, scales nearly linearly with the number of training examples, and can efficiently process noisy datasets containing hundreds of thousands of examples. 1 INTRODUCTION Systems that learn sets of rules have a number of desirable properties. Rule sets are relatively easy for people to understand [ Catlett, 1991 ] , and rule learning systems outperform decision tree lear...},
    author = {Cohen, William W.},
    booktitle = {In Proceedings of the Twelfth International Conference on Machine Learning},
    citeulike-article-id = {3157878},
    citeulike-linkout-0 = {http://citeseerx.ist.psu.edu/viewdoc/summary?doi=10.1.1.50.8204},
    keywords = {pw, weka},
    pages = {115--123},
    posted-at = {2008-08-27 08:21:35},
    priority = {2},
    title = {Fast Effective Rule Induction},
    url = {http://citeseerx.ist.psu.edu/viewdoc/summary?doi=10.1.1.50.8204},
    year = {1995}
}

@article{biblio:LogitBoost,
    author = {Friedman, J. and Hastie, T. and Tibshirani, R.},
    citeulike-article-id = {2354823},
    journal = {Annals of statistics},
    keywords = {bibtex-import},
    number = {2},
    pages = {337--374},
    posted-at = {2008-02-08 21:20:56},
    priority = {2},
    title = {Additive logistic regression: a statistical view of boosting},
    volume = {28},
    year = {2000}
}

	

@book{biblio:bishop-1995,
    abstract = {This book provides a solid statistical foundation for neural networks from a pattern recognition perspective. The focus is on the types of neural nets that are most widely used in practical applications, such as the multi-layer perceptron and radial basis function networks. Rather than trying to cover many different types of neural networks, Bishop thoroughly covers topics such as density estimation, error functions, parameter optimization algorithms, data pre-processing, and Bayesian methods. All topics are organized well and all mathematical foundations are explained before being applied to neural networks. The text is suitable for a graduate or advanced undergraduate level course on neural networks or for practitioners interested in applying neural networks to real-world problems. The reader is assumed to have the level of math knowledge necessary for an undergraduate science degree. This is the first comprehensive treatment of feed-forward neural networks from the perspective of statistical pattern recognition. After introducing the basic concepts, the book examines techniques for modelling probability density functions and the properties and merits of the multi-layer perceptron and radial basis function network models. Also covered are various forms of error functions, principal algorithms for error function minimalization, learning and generalization in neural networks, and Bayesian techniques and their applications. Designed as a text, with over 100 exercises, this fully up-to-date work will benefit anyone involved in the fields of neural computation and pattern recognition.},
    author = {Bishop, Christopher M.},
    citeulike-article-id = {308856},
    citeulike-linkout-0 = {http://www.amazon.ca/exec/obidos/redirect?tag=citeulike09-20&amp;path=ASIN/0198538642},
    citeulike-linkout-1 = {http://www.amazon.de/exec/obidos/redirect?tag=citeulike01-21&amp;path=ASIN/0198538642},
    citeulike-linkout-2 = {http://www.amazon.fr/exec/obidos/redirect?tag=citeulike06-21&amp;path=ASIN/0198538642},
    citeulike-linkout-3 = {http://www.amazon.jp/exec/obidos/ASIN/0198538642},
    citeulike-linkout-4 = {http://www.amazon.co.uk/exec/obidos/ASIN/0198538642/citeulike00-21},
    citeulike-linkout-5 = {http://www.amazon.com/exec/obidos/redirect?tag=citeulike07-20&path=ASIN/0198538642},
    citeulike-linkout-6 = {http://www.worldcat.org/isbn/0198538642},
    citeulike-linkout-7 = {http://books.google.com/books?vid=ISBN0198538642},
    citeulike-linkout-8 = {http://www.amazon.com/gp/search?keywords=0198538642&index=books&linkCode=qs},
    citeulike-linkout-9 = {http://www.librarything.com/isbn/0198538642},
    edition = {1},
    howpublished = {Paperback},
    isbn = {0198538642},
    keywords = {machine\_learning},
    month = {January},
    posted-at = {2007-11-01 19:29:18},
    priority = {0},
    publisher = {Oxford University Press},
    title = {Neural Networks for Pattern Recognition},
    url = {http://www.amazon.com/exec/obidos/redirect?tag=citeulike07-20&path=ASIN/0198538642},
    year = {1996}
}

@book{ biblio:J48,
 author = {Quinlan, J. Ross},
 title = {C4.5: programs for machine learning},
 year = {1993},
 isbn = {1-55860-238-0},
 publisher = {Morgan Kaufmann Publishers Inc.},
 address = {San Francisco, CA, USA},
}
 
@article{biblio:SMO,
    author = {Keerthi, S. S. and Shevade, S. K. and Bhattacharyya, C. and Murthy, K. R. K.},
    citeulike-article-id = {3725229},
    journal = {Neural Computation},
    keywords = {agent, data-mining},
    number = {3},
    pages = {637--649},
    posted-at = {2008-11-29 02:39:37},
    priority = {2},
    title = {Improvements to Platt's SMO Algorithm for SVM Classifier Design},
    volume = {13},
    year = {2001}
}	

@article{biblio:SIGMODrepeatability,
 author = {Manolescu, I. and Afanasiev, L. and Arion, A. and Dittrich, J. and Manegold, S. and Polyzotis, N. and Schnaitter, K. and Senellart, P. and Zoupanos, S. and Shasha, D.},
 title = {The repeatability experiment of SIGMOD 2008},
 journal = {SIGMOD Rec.},
 volume = {37},
 number = {1},
 year = {2008},
 issn = {0163-5808},
 pages = {39--45},
 doi = {http://doi.acm.org/10.1145/1374780.1374791},
 publisher = {ACM},
 address = {New York, NY, USA},
 }

@article{biblio:Weka,
 author = {Hall, Mark and Frank, Eibe and Holmes, Geoffrey and Pfahringer, Bernhard and Reutemann, Peter and Witten, Ian H.},
 title = {The WEKA data mining software: an update},
 journal = {SIGKDD Explor. Newsl.},
 volume = {11},
 number = {1},
 year = {2009},
 issn = {1931-0145},
 pages = {10--18},
 doi = {http://doi.acm.org/10.1145/1656274.1656278},
 publisher = {ACM},
 address = {New York, NY, USA},
 }


@TECHREPORT{dedek:mon_trees,
title = {Monotone Decision Trees and Noisy Data},
author = {Bioch, J.C. and Popova, V.},
year = {2009},
institution = {Erasmus Research Institute of Management (ERIM)},
type = {Research Paper},
number = {ERS-2002-53-LIS},
abstract = {The decision tree algorithm for monotone classification presented in [4, 10] requires strictly monotone data sets. This paper addresses the problem of noise due to violation of the monotonicity constraints and proposes a modification of the algorithm to handle noisy data. It also presents methods for controlling the size of the resulting trees while keeping the monotonicity property whether the data set is monotone or not.},
keywords = {ordinal classification;monotone decision trees;noise;pruning},
url = {http://econpapers.repec.org/RePEc:dgr:eureri:2002206}
}

@inproceedings{dedek:mon_transf,
  author    = {Wojciech Kotlowski and
               Roman Slowinski},
  title     = {Rule learning with monotonicity constraints},
  booktitle = {ICML},
  year      = {2009},
  pages     = {68},
  ee        = {http://doi.acm.org/10.1145/1553374.1553444},
  crossref  = {DBLP:conf/icml/2009},
  bibsource = {DBLP, http://dblp.uni-trier.de}
}

@proceedings{DBLP:conf/icml/2009,
  editor    = {Andrea Pohoreckyj Danyluk and
               L{\'e}on Bottou and
               Michael L. Littman},
  title     = {Proceedings of the 26th Annual International Conference
               on Machine Learning, ICML 2009, Montreal, Quebec, Canada,
               June 14-18, 2009},
  booktitle = {ICML},
  publisher = {ACM},
  series    = {ACM International Conference Proceeding Series},
  volume    = {382},
  year      = {2009},
  isbn      = {978-1-60558-516-1},
  bibsource = {DBLP, http://dblp.uni-trier.de}
}

@article{dedek:ibl,
  author    = {S. Lievens and
               Bernard De Baets and
               Kim Cao-Van},
  title     = {A probabilistic framework for the design of instance-based
               supervised ranking algorithms in an ordinal setting},
  journal   = {Annals OR},
  volume    = {163},
  number    = {1},
  year      = {2008},
  pages     = {115-142},
  ee        = {http://dx.doi.org/10.1007/s10479-008-0326-1},
  bibsource = {DBLP, http://dblp.uni-trier.de}
}

@inproceedings{dedek:rough_sets,
 author = {Bioch, Jan C. and Popova, Viara},
 title = {Rough Sets and Ordinal Classification},
 booktitle = {ALT '00: Proceedings of the 11th International Conference on Algorithmic Learning Theory},
 year = {2000},
 isbn = {3-540-41237-9},
 pages = {291--305},
 publisher = {Springer-Verlag},
 address = {London, UK},
 }


@misc{dedek:UCI ,
author = {A. Frank and A. Asuncion},
year = {2010},
title = {{UCI} Machine Learning Repository},
url = {http://archive.ics.uci.edu/ml},
institution = {University of California, Irvine, School of Information and Computer Sciences}
} 

