@book{ biblio:WebDataMining,
title = {Web Data Mining},
author = {Bing Liu},
publisher = {Springer-Verlag},
url = {http://dx.doi.org/10.1007/978-3-540-37882-2},
year = {2007},
description = {SpringerLink - Book},
isbn = {978-3-540-37881-5},
keywords = {data mining web }
} 

@inbook{ biblio:EcHoUncertaintyIssues2008,
title = {Uncertainty Issues and Algorithms in Automating Process Connecting Web and User},
author = {Alan Eckhardt and T. Horv{\'{a}}th and D. Maru{\v{s}}{\v{c}}{\'{a}}k and R. Novotn{\'{y}} and Peter Vojt{\'{a}}{\v{s}}},
year = {2008},
publisher = {Springer Verlag},
series = {Lecture Notes in Computer Science},
volume = {5327},
isbn = {978-3-540-89764-4},
}


@inproceedings{biblio:DedekISWC2010,
author = {Jan D{\v{e}}dek},
title = {Towards Semantic Annotation Supported by Dependency Linguistics and {ILP}},
booktitle = {Proceedings of the 9th International Semantic Web Conference (ISWC2010), Part II},
pages = {297--304},
series = {Lecture Notes in Computer Science},
volume ={6497},
publisher = {Springer-Verlag Berlin Heidelberg},
address = {Shanghai / China},
isbn = {978-3-642-17748-4},
year = {2010},
url={http://iswc2010.semanticweb.org/accepted-papers/219},
} 

@inproceedings{biblio:LasekWWW,
author = {Ivo La{\v{s}}ek and Peter Vojt\'{a}\v{s}},
title = {Semantic Information Filtering - Beyond Collaborative Filtering},
booktitle = {Proceedings of the 4rd International Semantic Search Workshop},
series = {SEMSEARCH '11},
year = {2011},
location = {Hyderabad, India},
publisher = {ACM},
address = {New York, NY, USA},
} 

@MASTERSTHESIS {biblio:FiserMaster,
author = {Dominik Fi\v{s}er},
title = {Semantic annotation of domain dependent data},
school = {Charles University in Prague, Czech Republic},
year = {2011},
} 




