@inproceedings{ biblio:DeEcDiscussionUncertainty2008,
title = {Discussion on Uncertainty Ontology for Annotation and Reasoning (a position paper)},
editor = {P. C. G. da Costa},
author = {Jan D{\v{e}}dek and Alan Eckhardt and Leo Galambo{\v{s}} and Peter Vojt{\'{a}}{\v{s}}},
year = {2008},
publisher = {The 7th International Semantic Web Conference},
volume = {423},
pages = {128--129},
booktitle = {{URSW} '08 Uncertainty Reasoning for the Semantic Web - Volume 4},
series = {{CEUR} Workshop Proceedings},
}

@inproceedings{ biblio:DeEcExperimentswith2008,
title = {Experiments with Czech Linguistic Data and {ILP}},
editor = {Filip {\v{Z}}elezn{\'{y}} and Nada Lavra{\v{c}}},
author = {Jan D{\v{e}}dek and Alan Eckhardt and Peter Vojt{\'{a}}{\v{s}}},
year = {2008},
publisher = {Action M},
address = {Prague, Czech Republic},
venue = {Prague, Czech Republic},
pages = {20--25},
isbn = {978-80-86742-26-7},
booktitle = {{ILP} 2008 - Inductive Logic Programming (Late Breaking Papers)},
}

@inproceedings{ biblio:DeExtractionSemantic2008,
title = {Extraction of Semantic Information from Web Resources},
editor = {Jana {\v{S}}afr{\'{a}}nkov{\'{a}} and Ji{\v{r}}{\'{i}} Pavl{\r{u}}},
author = {Jan D{\v{e}}dek},
year = {2008},
publisher = {Matfyzpress},
institution = {{MFF} {UK}},
address = {Praha},
pages = {224--229},
isbn = {978-80-7378-065-4},
booktitle = {{WDS}'08 Proceedings of Contributed Papers: Part I - Mathematics and Computer Sciences },
}

@inproceedings{ biblio:DeEcSemantickyWeb2008,
title = {S{\'{e}}mantick{\'{y}} Web},
editor = {V{\'{a}}clav {\v{R}}epa and Oleg Svato{\v{s}}},
author = {Jan D{\v{e}}dek and Alan Eckhardt and Peter Vojt{\'{a}}{\v{s}} and Leo Galambo{\v{s}}},
year = {2008},
address = {Brno},
venue = {Hotel Santon, Brno, Czech Republic},
pages = {12--30},
isbn = {978-80-7355-081-3},
booktitle = {{DATAKON} 2008},
}

@inproceedings{ biblio:DeVoComputingaggregations2008,
title = {Computing aggregations from linguistic web resources: a case study in Czech Republic sector/traffic accidents},
editor = {Cosmin Dini},
author = {Jan D{\v{e}}dek and Peter Vojt{\'{a}}{\v{s}}},
year = {2008},
publisher = {{IEEE} Computer Society},
venue = {Valencia, Spain},
pages = {7--12},
isbn = {978-0-7695-3369-8},
booktitle = {Second International Conference on Advanced Engineering Computing and Applications in Sciences},
}

@inproceedings{ biblio:DeVoExploitationlinguistic2008,
title = {Exploitation of linguistic tools in semantic extraction - a design},
editor = {Mieczys{{\l}}aw K{{\l}}opotek and Adam Przepi{\'{o}}rkowski and S{{\l}}awomir Wierzcho{\'{n}} and Krzysztof Trojanowski},
author = {Jan D{\v{e}}dek and Peter Vojt{\'{a}}{\v{s}}},
year = {2008},
publisher = {Academic Publishing House {EXIT}},
address = {Zakopane, Poland},
pages = {239--247},
isbn = {978-83-60434-44-4},
booktitle = {Intelligent Information Systems {XVI}},
}

@inproceedings{ biblio:DeVoExtrakceinformaci2008,
title = {Extrakce informac{\'{i}} z textov{\v{e}} orientovan{\'{y}}ch zdroj{\r{u}} webu},
editor = {V{\'{a}}clav Sn{\'{a}}{\v{s}}el},
author = {Jan D{\v{e}}dek and Peter Vojt{\'{a}}{\v{s}}},
year = {2008},
pages = {331--334},
isbn = {978-80-227-2827-0},
booktitle = {Znalosti 2008},
}

@inproceedings{ biblio:DeVoLinguisticextraction2008,
title = {Linguistic extraction for semantic annotation},
editor = {Costin Badica and Giuseppe Mangioni and Vincenza Carchiolo and Dumitru Burdescu},
author = {Jan D{\v{e}}dek and Peter Vojt{\'{a}}{\v{s}}},
year = {2008},
publisher = {Springer-Verlag},
address = {Catania, Italy},
volume = {162},
pages = {85--94},
isbn = {978-3-540-85256-8},
issn = {1860-949X},
booktitle = {2nd International Symposium on Intelligent Distributed Computing},
series = {Studies in Computational Intelligence},
}

@inproceedings{ biblio:DeEcVoConnetctingWebandUsers2008,
title = {Connetcting Web and Users},
editor = {\v{S}tuller J. and Linkov\'{a} Z. and Ku\v{z}elov\'{a} D.},
author = {Jan D{\v{e}}dek and Alan Eckhardt and Peter Vojt{\'{a}}{\v{s}}},
year = {2008},
publisher = {\'{U}stav informatiky AV \v{C}R},
address = {Prague},
pages = {39--44},
booktitle = {Inteligentn\'{i} modely, algoritmy, metody a n\'{a}stroje pro vytv\'{a}\v{r}en\'{i} s\'{e}mantick\'{e}ho webu},
}

@inproceedings{ biblio:DeVoEEnvironment2009,
title = {Web Information extraction for e-environment},
editor = {Jiri Hrebicek and Jiri Hradec and Emil Pelikan and Ondrej Mirovsky and Werner Pillmann and Ivan Holoubek and Thomas Bandholtz},
author = {Jan D{\v{e}}dek and Peter Vojt{\'{a}}{\v{s}}},
year = {2009},
publisher = {Masaryk University},
address = {Brno, Czech Republic},
pages = {138--143},
isbn = {978-80-210-4824-9},
booktitle = {Proceedings of the European conference of the Czech Presidency of the Council of the {EU TOWARDS eENVIRONMENT}},
}

@inproceedings{ biblio:DeVoWIIAT2009,
author = {Jan D{\v{e}}dek and Peter Vojt{\'{a}}{\v{s}}},
title = {Fuzzy Classification of Web Reports with Linguistic Text Mining},
booktitle ={Web Intelligence and Intelligent Agent Technology, IEEE/WIC/ACM International Conference on},
editor = {Paolo Boldi and Giuseppe Vizzari and Gabriella Pasi and Ricardo Baeza-Yates},
volume = {3},
year = {2009},
isbn = {978-0-7695-3801-3},
pages = {167--170},
doi = {http://doi.ieeecomputersociety.org/10.1109/WI-IAT.2009.254},
publisher = {IEEE Computer Society},
address = {Los Alamitos, CA, USA},
}

