@inproceedings{ biblio:EcInductiveModels2007,
title = {Inductive Models of User Preferences for Semantic Web},
author = {Alan Eckhardt},
year = {2007},
pages = {108--119},
crossref = {biblio:PoSnDATESO20072007},
booktitle = {{DATESO} 2007},
}

@inproceedings{ biblio:EcNavrhagenta2008,
title = {N{\'{a}}vrh agenta {\v{r}}{\'{i}}zen{\'{e}}ho u{\v{z}}ivatelsk{\'{y}}mi preferencemi},
author = {Alan Eckhardt},
year = {2008},
pages = {31--34},
crossref = {biblio:VoITAT20082008},
booktitle = {{ITAT} 2008 Informa{\v{c}}n{\'{e}} Technol{\'{o}}gie - Aplik{\'{a}}cie a Te{\'{o}}ria, Hrebienok, Slovakia, September 2008},
}

@proceedings{ biblio:PoSnDATESO20072007,
title = {{DATESO} 2007},
editor = {Jaroslav Pokorn{\'{y}} and V{\'{a}}clav Sn{\'{a}}{\v{s}}el and Karel Richta},
year = {2007},
publisher = {Matfyz Press, Praha},
venue = {Desna, Czech Republic},
volume = {235},
isbn = {{ISBN} 80-7378-002-X},
issn = {1613-0073},
series = {{CEUR} Workshop Proceedings},
}

@proceedings{ biblio:VoITAT20082008,
title = {{ITAT} 2008 Informa{\v{c}}n{\'{e}} Technol{\'{o}}gie - Aplik{\'{a}}cie a Te{\'{o}}ria, Hrebienok, Slovakia, September 2008},
editor = {Peter Vojt{\'{a}}{\v{s}}},
year = {2008},
address = {Ko{\v{s}}ice, Slovensko},
venue = {Hrebienok, Vysok{\'{e}} Tatry, Slovakia},
}

@inproceedings{ biblio:DeEcDiscussionUncertainty2008,
title = {Discussion on Uncertainty Ontology for Annotation and Reasoning (a position paper)},
author = {Jan D{\v{e}}dek and Alan Eckhardt and Leo Galambo{\v{s}} and Peter Vojt{\'{a}}{\v{s}}},
year = {2008},
crossref = {biblio:daURSW082008},
booktitle = {{URSW} '08 Uncertainty Reasoning for the Semantic Web - Volume 4},
}

@inproceedings{ biblio:DeEcExperimentswith2008,
title = {Experiments with Czech Linguistic Data and {ILP}},
author = {Jan D{\v{e}}dek and Alan Eckhardt and Peter Vojt{\'{a}}{\v{s}}},
year = {2008},
pages = {20--25},
crossref = {biblio:ZeLaILP20082008},
booktitle = {{ILP} 2008 - Inductive Logic Programming (Late Breaking Papers)},
}

@inproceedings{ biblio:DeEcSemantickyWeb2008,
title = {S{\'{e}}mantick{\'{y}} Web},
author = {Jan D{\v{e}}dek and Alan Eckhardt and Peter Vojt{\'{a}}{\v{s}} and Leo Galambo{\v{s}}},
year = {2008},
crossref = {biblio:DATAKON20082008},
booktitle = {{DATAKON} 2008},
}

@inproceedings{ biblio:DeVoComputingaggregations2008,
title = {Computing aggregations from linguistic web resources: a case study in Czech Republic sector/traffic accidents},
author = {Jan D{\v{e}}dek and Peter Vojt{\'{a}}{\v{s}}},
year = {2008},
pages = {7--12},
crossref = {biblio:DiSecondConference2008},
booktitle = {Second International Conference on Advanced Engineering Computing and Applications in Sciences},
}

@inproceedings{ biblio:DeVoExploitationlinguistic2008,
title = {Exploitation of linguistic tools in semantic extraction - a design},
author = {Jan D{\v{e}}dek and Peter Vojt{\'{a}}{\v{s}}},
year = {2008},
pages = {239--247},
crossref = {biblio:KlPrIntelligentInformation2008},
booktitle = {Intelligent Information Systems {XVI}},
}

@inproceedings{ biblio:DeVoExtrakceinformaci2008,
title = {Extrakce informac{\'{i}} z textov{\v{e}} orientovan{\'{y}}ch zdroj{\r{u}} webu},
author = {Jan D{\v{e}}dek and Peter Vojt{\'{a}}{\v{s}}},
year = {2008},
pages = {331--334},
crossref = {biblio:SnZnalosti20082008},
booktitle = {Znalosti 2008},
}

@inproceedings{ biblio:DeVoLinguisticextraction2008,
title = {Linguistic extraction for semantic annotation},
author = {Jan D{\v{e}}dek and Peter Vojt{\'{a}}{\v{s}}},
year = {2008},
pages = {85--94},
crossref = {biblio:BaMa2ndSymposium2008},
booktitle = {2nd International Symposium on Intelligent Distributed Computing},
}

@inbook{ biblio:EcHoUncertaintyIssues2008,
title = {Uncertainty Issues and Algorithms in Automating Process Connecting Web and User},
author = {Alan Eckhardt and T. Horv{\'{a}}th and D. Maru{\v{s}}{\v{c}}{\'{a}}k and R. Novotn{\'{y}} and Peter Vojt{\'{a}}{\v{s}}},
year = {2008},
publisher = {Springer Verlag},
series = {Lecture Notes in Computer Science},
volume = {5327},
isbn = {978-3-540-89764-4},
}

@inproceedings{ biblio:EcVoConsideringdatamining2008,
title = {Considering data-mining techniques in user preference learning},
author = {Alan Eckhardt and Peter Vojt{\'{a}}{\v{s}}},
year = {2008},
crossref = {biblio:2008Web2008},
booktitle = {2008 International Workshop on Web Information Retrieval Support Systems},
}

@inproceedings{ biblio:DuVoMultiCriterionSearch2008,
title = {Multi-Criterion Search from the Semantic Point of View},
author = {M. Du{\v{z}}{\'{i}} and Peter Vojt{\'{a}}{\v{s}}},
year = {2008},
pages = {21--39},
crossref = {biblio:KiEJCRevSelect072008},
booktitle = {{EJCR}evSelect07},
}

@inproceedings{ biblio:GuVotopksearch2008,
title = {On top-k search with no random access using small memory},
author = {P. Gursk{\'{y}} and Peter Vojt{\'{a}}{\v{s}}},
year = {2008},
pages = {97--111},
crossref = {biblio:AtCaAdvancesin2008},
booktitle = {Advances in Databases and Information Systems},
}

@inproceedings{ biblio:VaVoAdescription2008,
title = {A description Logic with Concept Ordering and top-k Restriction},
author = {V. Vanekov{\'{a}} and Peter Vojt{\'{a}}{\v{s}}},
year = {2008},
pages = {139--149},
crossref = {biblio:KiToEJC20082008},
booktitle = {{EJC} 2008},
}

@inproceedings{ biblio:VoDecathlonConflicting2008,
title = {Decathlon, Conflicting Objectives and User Preference Querying},
author = {Peter Vojt{\'{a}}{\v{s}}},
year = {2008},
crossref = {biblio:PoRiDATESO20082008},
booktitle = {{DATESO} 2008},
}

@inproceedings{ biblio:DuVoMultiCriterionSearch2007,
title = {Multi-Criterion Search from the Semantic Point of View},
author = {M. Du{\v{z}}{\'{i}} and Peter Vojt{\'{a}}{\v{s}}},
year = {2007},
pages = {21--39},
crossref = {biblio:JaEJC200717th2007},
booktitle = {{EJC} 2007-17th European-Japanese Conference on Information Modeling and Knowledge Bases},
}

@inproceedings{ biblio:EcHoUncertaintyIssues2007,
title = {Uncertainty Issues in Automating Process Connecting Web and User},
author = {Alan Eckhardt and T. Horv{\'{a}}th and D. Maru{\v{s}}{\v{c}}{\'{a}}k and R. Novotn{\'{y}} and Peter Vojt{\'{a}}{\v{s}}},
year = {2007},
pages = {97--108},
crossref = {biblio:daURSW072007},
booktitle = {{URSW} '07 Uncertainty Reasoning for the Semantic Web - Volume 3},
}

@inproceedings{ biblio:EcHoLearningdifferent2007,
title = {Learning different user profile annotated rules for fuzzy preference top-k querying},
author = {Alan Eckhardt and T. Horv{\'{a}}th and Peter Vojt{\'{a}}{\v{s}}},
year = {2007},
pages = {116--130},
crossref = {biblio:PrSuConferenceScalable2007},
booktitle = {International Conference on Scalable Uncertainty Management},
}

@inproceedings{ biblio:EcHoPHASESA2007,
title = {{PHASES}: A User Profile Learning Approach for Web Search},
author = {Alan Eckhardt and T. Horv{\'{a}}th and Peter Vojt{\'{a}}{\v{s}}},
year = {2007},
pages = {780--783},
crossref = {biblio:LiHa2007IEEEWICACM2007},
booktitle = {2007 {IEEE}/{WIC}/{ACM} International Conference on Web Intelligence - {WI} 2007},
}

@inproceedings{ biblio:EcPoAsystem2007,
title = {A system recommending top-k objects for multiple users preferences},
author = {Alan Eckhardt and J. Pokorn{\'{y}} and Peter Vojt{\'{a}}{\v{s}}},
year = {2007},
pages = {1101--1106},
crossref = {biblio:Ma2007IEEE2007},
booktitle = {2007 {IEEE} Conference on Fuzzy Systems},
}

@inproceedings{ biblio:EcPoIntegratinguser2007,
title = {Integrating user and group preferences for top-k search},
author = {Alan Eckhardt and J. Pokorn{\'{y}} and Peter Vojt{\'{a}}{\v{s}}},
year = {2007},
pages = {317--322},
crossref = {biblio:TjWaDatabaseand2007},
booktitle = {Database and Expert Systems Applications},
}

@inproceedings{ biblio:EcVoUzivatelskepreference2007,
title = {U{\v{z}}ivatelsk{\'{e}} preference p{\v{r}}i vyhled{\'{a}}v{\'{a}}n{\'{i}} ve webovsk{\'{y}}ch zdroj{\'{i}}ch},
author = {Alan Eckhardt and Peter Vojt{\'{a}}{\v{s}}},
year = {2007},
pages = {179--190},
crossref = {biblio:DvKrZnalosti20072007},
booktitle = {Znalosti 2007},
}

@inproceedings{ biblio:GuHoKnowledgeProcessing2007,
title = {Knowledge Processing for Web Search – An Integrated Model},
author = {P. Gursk{\'{y}} and T. Horv{\'{a}}th and J. Jir{\'{a}}sek and S. Kraj{\v{c}}i and R. Novotn{\'{y}} and V. Vanekov{\'{a}} and Peter Vojt{\'{a}}{\v{s}}},
year = {2007},
pages = {95--104},
crossref = {biblio:BaPaIDC2007International2007},
booktitle = {{IDC} 2007-International Symposium on Intelligent and Distributed Computing},
}

@inproceedings{ biblio:GuHoWebSearch2007,
title = {Web Search with variable user model},
author = {P. Gursk{\'{y}} and T. Horv{\'{a}}th and J. Jir{\'{a}}sek and S. Kraj{\v{c}}i and R. Novotn{\'{y}} and V. Vanekov{\'{a}} and Peter Vojt{\'{a}}{\v{s}}},
year = {2007},
pages = {111--121},
crossref = {biblio:PoVyDATAKON20072007},
booktitle = {{DATAKON} 2007},
}

@inproceedings{ biblio:GuVoMultikriterialnevyhladavanie2007,
title = {Multikriteri{\'{a}}lne vyh¾ad{\'{a}}vanie najlep{\v{s}}{\'{i}}ch objektov s podporou viacer{\'{y}}ch u{\v{z}}{\'{i}}vate¾ov},
author = {P. Gursk{\'{y}} and Peter Vojt{\'{a}}{\v{s}}},
year = {2007},
pages = {52--62},
crossref = {biblio:DvKrZnalosti20072007},
booktitle = {Znalosti 2007},
}

@inproceedings{ biblio:HoVoInductionFuzzy2007,
title = {Induction of Fuzzy and Annotated Logic Programs},
author = {T. Horv{\'{a}}th and Peter Vojt{\'{a}}{\v{s}}},
year = {2007},
pages = {260--274},
crossref = {biblio:MuTaILP062007},
booktitle = {{ILP}06 - Revised Selected papers on Inductive Logic Programming},
}

@inbook{ biblio:VoELdescription2007,
title = {{EL} description logic with aggregation of user preference concepts},
author = {Peter Vojt{\'{a}}{\v{s}}},
year = {2007},
chapter = {{EL} description logic with aggregation of user preference concepts},
publisher = {{IOS} Press Amsterdam},
series = {Frontiers in Artificial Intelligence and Applications {ISSN} 0922-6389},
edition = {1},
volume = {154},
pages = {154--166},
isbn = {{ISBN} 978-1-58603-710-9},
}

@proceedings{ biblio:AtCaAdvancesin2008,
title = {Advances in Databases and Information Systems},
editor = {P. Atzeni and Albertas Caplinskas and H. Jaakkola},
year = {2008},
publisher = {Springer-Verlag Berlin Heidelberg},
institution = {Tampere University of Technology, Pori, Finland},
address = {Tiergartenstr. 17, 69121 Heidelberg, Germany},
venue = {Pori, Finland},
series = {{LNCS}},
number = {5207},
isbn = {978-3-540-85712-9},
issn = {0302-9743},
series = {Lecture Notes In Computer Science},
}

@proceedings{ biblio:BaPaIDC2007International2007,
title = {{IDC} 2007-International Symposium on Intelligent and Distributed Computing},
editor = {C. Badica and M. Paprzycki},
year = {2007},
publisher = {Springer Verlag},
volume = {78},
isbn = {978-3-540-74929-5},
issn = {1860-949X},
series = {Studies in Computational Intelligence},
}

@proceedings{ biblio:daURSW082008,
title = {{URSW} '08 Uncertainty Reasoning for the Semantic Web - Volume 4},
editor = {P. C. G. da Costa},
year = {2008},
publisher = {The 7th International Semantic Web Conference},
}

@proceedings{ biblio:PrSuConferenceScalable2007,
title = {International Conference on Scalable Uncertainty Management},
editor = {H. Prade and V. Subrahmanian},
year = {2007},
publisher = {Springer Berlin / Heidelberg},
address = {Washington {DC}, {USA}},
volume = {4772},
isbn = {978-3-540-75407-7},
issn = {0302-9743},
series = {Lecture Notes In Computer Science},
}

@proceedings{ biblio:PoRiDATESO20082008,
title = {{DATESO} 2008},
editor = {Jaroslav Pokorn{\'{y}} and Karel Richta and V{\'{a}}clav Sn{\'{a}}{\v{s}}el},
year = {2008},
publisher = {V{\v{S}}B – Technical University of Ostrava},
venue = {Desna, Czech Republic},
volume = {330},
isbn = {978-80-248-1746-0},
series = {{CEUR} Workshop Proceedings},
}

@proceedings{ biblio:TjWaDatabaseand2007,
title = {Database and Expert Systems Applications},
editor = {A M. Tjoa and R. R. Wagner},
year = {2007},
publisher = {{IEEE}},
address = {Regensburg, Germany},
isbn = {0-7695-2932-1},
issn = {1529-4188},
}

@proceedings{ biblio:daURSW072007,
title = {{URSW} '07 Uncertainty Reasoning for the Semantic Web - Volume 3},
editor = {P. C. G. da Costa},
year = {2007},
publisher = {The 6th International Semantic Web Conference},
venue = {Busan, Korea},
}

@proceedings{ biblio:ZeLaILP20082008,
title = {{ILP} 2008 - Inductive Logic Programming (Late Breaking Papers)},
editor = {Filip {\v{Z}}elezn{\'{y}} and Nada Lavra{\v{c}}},
year = {2008},
publisher = {Action M},
address = {Prague, Czech Republic},
venue = {Prague, Czech Republic},
isbn = {978-80-86742-26-7},
}

@proceedings{ biblio:KlPrIntelligentInformation2008,
title = {Intelligent Information Systems {XVI}},
editor = {Mieczyslaw Klopotek and Adam Przepi{\'{o}}rkowski and Slawomir Wierzcho{\'{n}} and Krzysztof Trojanowski},
year = {2008},
publisher = {Academic Publishing House {EXIT}},
address = {Zakopane, Poland},
isbn = {978-83-60434-44-4},
}

@proceedings{ biblio:Ma2007IEEE2007,
title = {2007 {IEEE} Conference on Fuzzy Systems},
editor = {Trevor Martin},
year = {2007},
address = {London, United Kingdom},
isbn = {1-4244-1210-2},
issn = {1098-7584},
series = {{IEEE} Fuzzy systems},
}

@proceedings{ biblio:SnZnalosti20082008,
title = {Znalosti 2008},
editor = {V{\'{a}}clav Sn{\'{a}}{\v{s}}el},
year = {2008},
isbn = {978-80-227-2827-0},
}

@proceedings{ biblio:DATAKON20082008,
title = {{DATAKON} 2008},
year = {2008},
address = {Brno},
venue = {Hotel Santon, Brno, Czech Republic},
isbn = {Not yet available},
}

@proceedings{ biblio:PoVyDATAKON20072007,
title = {{DATAKON} 2007},
editor = {Lubo{\v{s}} Popel{\'{i}}nsk{\'{y}} and Ond{\v{r}}ej V{\'{y}}born{\'{y}}},
year = {2007},
publisher = {Masarykova Univerzita},
address = {Brno},
venue = {Hotel Santon, Brno, Czech Republic},
isbn = {978-80-7355076-9},
}

@proceedings{ biblio:BaMa2ndSymposium2008,
title = {2nd International Symposium on Intelligent Distributed Computing},
editor = {Costin Badica and Giuseppe Mangioni and Vincenza Carchiolo and Dumitru Burdescu},
year = {2008},
publisher = {Springer-Verlag},
address = {Catania, Italy},
volume = {162},
isbn = {978-3-540-85256-8},
issn = {1860-949X},
series = {Studies in Computational Intelligence},
}

@proceedings{ biblio:KiEJCRevSelect072008,
title = {{EJCR}evSelect07},
editor = {Y. Kiyoki},
year = {2008},
publisher = {{IOS} Press Amsterdam},
series = {Information Modeling and Knowledge Bases},
number = {{XIX}},
isbn = {978-1-58603-812-0},
}

@proceedings{ biblio:KiToEJC20082008,
title = {{EJC} 2008},
editor = {Y. Kioki and Takehiro Tokuda},
year = {2008},
publisher = {{EJC}2008 {PC} and {EJC}2008 Program Coordination team},
address = {Tsukuba Japan},
venue = {Tsukuba Japan},
}

@proceedings{ biblio:DvKrZnalosti20072007,
title = {Znalosti 2007},
editor = {Ji{\v{r}}{\'{i}} Dvorsk{\'{y}} and Michal Kr{\'{a}}tk{\'{y}} and P. Mikuleck{\'{y}}},
year = {2007},
publisher = {{VSB}-{TY} Ostrava},
venue = {{VSB}-{TU} Ostrava},
isbn = {978-80-248-1279-3},
}

@proceedings{ biblio:LiHa2007IEEEWICACM2007,
title = {2007 {IEEE}/{WIC}/{ACM} International Conference on Web Intelligence - {WI} 2007},
editor = {Tsau Lin and Laura Haas and R. Motwani and A. Broder and H. Ho},
year = {2007},
publisher = {{IEEE}},
isbn = {0-7695-3026-5/07},
}

@proceedings{ biblio:2008Web2008,
title = {2008 International Workshop on Web Information Retrieval Support Systems},
year = {2008},
}

@proceedings{ biblio:MuTaILP062007,
title = {{ILP}06 - Revised Selected papers on Inductive Logic Programming},
editor = {S. Muggleton and A. Tamaddoni-Nezhad and R. Otero},
year = {2007},
publisher = {Springer Verlag},
number = {4455},
isbn = {3-540-73846-0},
issn = {0302-9743},
series = {Lecture Notes In Computer Science},
}

@proceedings{ biblio:DiSecondConference2008,
title = {Second International Conference on Advanced Engineering Computing and Applications in Sciences},
editor = {Cosmin Dini},
year = {2008},
publisher = {{IEEE} Computer Society},
venue = {Valencia, Spain},
isbn = {978-0-7695-3369-8},
}

@proceedings{ biblio:JaEJC200717th2007,
title = {{EJC} 2007-17th European-Japanese Conference on Information Modeling and Knowledge Bases},
editor = {H. Jaakkola},
year = {2007},
publisher = {Juvenes Print-{TTY}, Tampere},
venue = {Pori, Finland},
isbn = {978-952-15-1786-0},
}


@inproceedings{ biblio:BeObDataIntegration2005,
title = {Data Integration Using DataPile Structure},
author = {David Bedn{\'{a}}rek and David Obdr{\v{z}}{\'{a}}lek and Jakub Yaghob and Filip Zavoral},
year = {2005},
pages = {178--188},
crossref = {biblio:CaEdAdvancesin2008},
booktitle = {Advances in Databases and Information Systems},
}

@proceedings{ biblio:CaEdAdvancesin2008,
title = {Advances in Databases and Information Systems},
editor = {A. {\v{C}}aplinskas and J. Eder},
year = {2008},
publisher = {Springer Verlag},
address = {Berlin Heidelberg},
series = {{LNCS} 2151},
isbn = {3-540-42555-1},
}
